2570 3946
382 233 838 303 rnsr.onsuoc.c1n.11,11.
1070 214 1111 288 ia

109 391 188 456 siunt
207 400 325 453 actores
346 391 466 467 comici,
489 391 537 470 qui
557 407 654 470 neque
676 391 716 450 ita
738 407 878 471 prorsus,
900 401 932 454 ut
951 409 1005 454 nos
1019 393 1109 474 uulgo

108 477 270 557 loquimur,
292 476 491 556 pronuntiant,
515 473 593 555 quod
609 482 691 535 esset
711 475 774 535 siue
790 484 870 552 arte,
892 495 988 557 neque
1005 477 1110 558 procul

108 569 205 622 tamen
222 577 238 620 s
255 569 358 620 namra
374 558 527 633 recedunt,
544 573 602 637 quo
618 558 688 618 vitio
704 561 817 638 periret
828 560 963 630 imitatio;
980 563 1033 623 sed
1048 579 1109 624 mo·

106 656 170 704 mur
188 644 347 705 commanis
364 641 447 704 huius
463 643 606 701 sermonis
624 642 734 703 decore
751 644 876 724 quodam
891 647 1011 706 scenico
1024 663 1110 706 exor-

105 735 185 789 nant.
217 728 267 788 Sic
289 743 407 806 meque
432 724 528 804 aliqua
549 739 603 785 nos
618 726 800 800 inconmoda
822 746 860 788 ex
881 728 943 805 his,
966 745 1038 810 quas
1059 731 1154 796 tin-14

105 811 246 887 serimus,
262 811 391 871 materiis
403 818 631 888 consequentur,
648 811 676 869 iu
689 827 725 871 eo
738 813 909 891 praecipue,
928 815 1007 892 quod
1022 815 1111 875 multa

106 896 137 954 in
151 894 196 954 his
213 894 415 973 relinquuntur
431 895 553 968 incerta,
569 910 646 974 quae
658 897 794 955 sumimus
805 903 836 956 ut
846 897 972 974 videtur,
985 893 1108 975 aetates,

105 976 281 1054 facultates,
304 976 430 1054 liberos,
453 985 610 1056 parentes,
632 979 745 1040 urbium
769 981 897 1058 ipsarum
916 983 1013 1057 vires,
1036 983 1109 1058 iura,

107 1075 217 1137 mores,
234 1061 291 1122 alia
306 1060 351 1121 iris
366 1061 484 1129 similia3
504 1059 658 1140 aliquando
676 1064 762 1123 etiam
778 1073 976 1142 argumentum
989 1083 1027 1126 ex
1039 1067 1110 1145 ipsis
1119 1076 1153 1130 15

107 1146 284 1226 positionum
311 1146 392 1205 vitiis
411 1145 549 1207 ducimus.
596 1144 657 1206 Sed
684 1145 759 1208 haec
788 1164 841 1207 suo
868 1165 1002 1228 quaeque
1028 1150 1108 1212 loco.

107 1227 245 1304 Quamvis
266 1230 342 1290 enim
363 1247 447 1290 omne
466 1229 649 1307 propositum
665 1231 765 1308 operis
789 1231 906 1314 anobis
922 1233 1056 1292 destinati
1072 1251 1109 1294 eo

107 1322 397 1393 speetat,ut,orator
411 1313 589 1382 instituatur;
606 1321 718 1389 tamen,
735 1317 857 1396 nequid
874 1314 998 1375 studiosi
1012 1317 1108 1397 requi-

106 1407 187 1475 rent,
209 1397 337 1458 etiamsi
353 1397 423 1478 quid
439 1396 508 1471 erit,
532 1397 611 1475 quod
631 1398 668 1459 ad
683 1397 800 1460 scholas
817 1401 962 1477 pertineat
976 1402 1109 1480 proprie,

106 1482 136 1539 in
151 1480 272 1541 transitu
286 1495 344 1541 uon
359 1482 533 1541 omittemus.

329 1630 375 1681 AN
393 1587 492 1684 sauls
509 1631 716 1684 NECESSARIA
734 1633 893 1687 COGNITIO.

190 1727 241 1792 xi.
271 1729 331 1793 Iam
352 1729 419 1792 irinc
441 1748 513 1810 ergo
535 1731 619 1792 nohis
641 1731 802 1793 inchoanda
828 1742 874 1792 est
891 1751 926 1793 ea
941 1751 1010 1812 pars
1028 1736 1109 1811 artis,

107 1835 146 1878 ex
168 1833 224 1896 qua
246 1833 354 1893 capere
370 1815 478 1874 initium
497 1815 611 1892 solent,
636 1816 684 1894 qui
705 1817 803 1893 priora
825 1817 997 1885 omiseruut;
1020 1836 1109 1898 quan·

107 1915 193 1980 quam
207 1898 296 1958 rideo
320 1897 460 1976 quosdam
483 1899 512 1956 iu
534 1899 599 1976 ipso
622 1899 718 1958 statim
734 1898 830 1958 limine
848 1899 1014 1959 obstaturos
1030 1901 1108 1977 mihi,

107 1983 157 2064 qui
182 1973 254 2041 nihii
278 1997 370 2059 egere
392 1980 555 2042 huiusmodi
579 1983 748 2060 praeceptis
777 1982 975 2061 eloquentiam
997 1993 1109 2063 putent,

106 2065 161 2127 sed
177 2073 279 2126 natura
295 2081 347 2124 sua
363 2073 393 2126 et
414 2063 528 2143 vulgari
547 2065 634 2126 moda
656 2073 686 2126 et
710 2066 875 2126 scholarum
898 2069 1109 2130 exercitatione

108 2150 236 2211 contenti
253 2148 367 2210 rideant
383 2148 469 2209 etiam
493 2148 672 2227 diligentiam
686 2159 831 2227 nostram,
856 2152 992 2230 exemplo
1013 2155 1109 2231 magui

106 2250 225 2315 quoque
242 2233 364 2293 nominis
380 2233 596 2311 proiessorum,
612 2251 734 2314 quorum
751 2235 871 2314 aliquis,
888 2244 920 2295 ut
936 2238 1050 2315 opinor,
1067 2239 1108 2297 in·

105 2325 285 2395 terrogatus,
303 2316 372 2396 quid
389 2324 471 2377 esset
485 2320 581 2396 σχῆμα
604 2327 633 2379 et
649 2311 760 2398 νόημα,
786 2321 909 2398 nccare
929 2340 963 2382 se
985 2323 1109 2400 quidem

105 2402 179 2477 sed,
201 2403 229 2460 ei
248 2402 376 2462 adrem
393 2403 579 2480 pertineret,
600 2420 668 2464 esee
690 2405 723 2463 e'n
741 2421 800 2465 nea
821 2405 1042 2468 declamatione
1062 2422 1109 2465 re·

106 2481 233 2562 spondit.
275 2482 359 2543 Alius
384 2486 583 2562 percontanti,
610 2484 804 2549 Theodoreus
824 2507 867 2549 an
886 2485 1140 2565 Apollodoreast

106 2568 210 2630 aret?
252 2561 334 2646 Epo,
358 2567 465 2646 inquit,
485 2571 698 2650 parmularius
716 2589 793 2631 snm.
835 2569 900 2630 Nee
922 2587 992 2629 saue
1016 2573 1110 2649 potuit

107 2650 246 2712 urbanius
264 2667 302 2711 ex
318 2649 505 2711 contessioue
521 2652 654 2713 inscitiae
670 2670 741 2712 suae
759 2652 846 2713 elabi.
877 2653 969 2712 Porro
985 2652 1024 2730 iii,
1042 2655 1108 2734 quia

107 2744 138 2796 et
157 2734 305 2796 beneficio
328 2735 438 2812 ingenii
458 2743 642 2813 praestantes
664 2744 729 2796 sumt
751 2735 840 2796 hahiti
862 2745 892 2796 et
912 2737 1001 2798 multa
1023 2740 1108 2800 etiarn

105 2819 245 2880 memoria
261 2819 348 2898 digna
364 2818 615 2897 exclamaverunt,
638 2820 778 2899 plurimos
798 2819 906 2881 habeut
927 2822 1037 2883 similes
1058 2842 1108 2884 ue·

106 2903 266 2982 gligentiae
289 2920 377 2980 suae,
399 2904 590 2982 paucissimos
612 2913 742 2964 naturae.
778 2903 869 2982 igitur
883 2907 992 2985 impetu
1008 2907 1139 2970 diceres

107 3003 142 3047 se
164 2996 195 3047 et
208 2987 319 3049 viribus
340 2989 381 3048 uti
398 2987 574 3065 gloriantem
598 3007 695 3068 neque
719 2990 794 3049 enirn
817 3005 892 3070 opus
913 3009 981 3051 esse
1002 2991 1107 3069 proba·

106 3071 187 3131 tione
208 3082 256 3132 aut
276 3071 468 3151 dispositione
489 3073 518 3131 in
538 3072 626 3134 rebus
642 3073 736 3150 fletis,
760 3074 831 3156 sed,
858 3075 939 3136 cuius
954 3076 998 3134 rei
1015 3074 1109 3150 gratia

106 3151 226 3234 pienum
240 3156 278 3214 sit
293 3154 481 3232 auditorium,
505 3159 656 3218 sententiis
671 3157 844 3236 grandibus,
864 3175 983 3238 marum
1001 3157 1109 3235 optima

109 3241 244 3318 meque
262 3238 426 3315 epericulo
444 3248 569 3318 petatur.
601 3239 777 3316 Quinetiam
795 3244 823 3301 iu
839 3241 1013 3318 cogitando,
1030 3239 1140 3302 nullas

106 3322 221 3382 ratione
239 3320 365 3382 adhibita
389 3331 437 3382 aut
452 3331 560 3384 tectum
575 3325 721 3386 intuentes
735 3340 868 3403 maguum
883 3323 1008 3403 aliquid,
1030 3324 1108 3402 quod

108 3405 185 3467 ultro
200 3422 233 3465 se
250 3404 372 3481 ciimat,
395 3405 527 3484 pluribus
550 3425 641 3488 saepe
658 3409 760 3470 diebus
776 3414 949 3486 expectant,
971 3417 1019 3468 aut
1034 3425 1108 3468 mur·

105 3505 188 3551 mure
203 3491 317 3551 incerto
332 3488 415 3551 velut
430 3488 557 3554 classico
571 3494 698 3554 instincti
707 3493 962 3553 coronatissimum
974 3494 1108 3573 corporis
