2592 3940
380 213 470 264 tuan.
480 213 637 265 ouranos.
653 217 723 263 ura.
738 217 770 284 u,
789 212 832 266 13.
1049 205 1110 268 233

195 369 349 432 Plurimum
370 379 465 431 autem
489 369 597 447 refert,
623 377 652 430 ot
673 368 741 447 quid
756 370 912 449 protulerit
926 370 1142 438 adversariusd

101 463 141 516 -st
156 455 312 533 quomodo.
351 453 473 514 Primum
493 453 580 530 igitur
601 452 766 512 intuendum
788 463 849 531 est,
864 455 910 531 id,
930 455 977 516 eui
989 473 1111 534 respon·

113 540 172 598 suri
188 555 301 613 sumus,
318 538 467 616 proprium
484 538 522 596 sit
535 539 598 597 eius
613 536 709 596 iudioii
725 554 761 598 an
777 538 813 598 ad
829 555 945 599 oausam
961 546 1045 599 extra
1067 557 1111 600 ar·

111 622 258 682 nessitum.
273 627 276 632 '
289 620 362 681 Nam
377 622 402 680 si
420 630 465 681 est
481 621 688 698 proprium:
709 629 757 681 aut
771 622 933 700 negandum
949 630 996 683 aut
1011 621 1110 683 defen·

110 705 234 765 dandum
249 713 299 763 aut
312 704 558 772 transferendum
585 713 666 764 extra
687 703 761 765 haee
780 706 810 765 in
833 706 946 766 indiciis
961 705 1026 765 fere
1042 707 1111 767 nihil

96 797 165 849 est.
195 785 375 865 Deprecatio
393 788 519 868 quidem,
542 805 618 866 quae
635 795 681 846 est
696 788 758 847 sine
773 789 832 850 ulia
849 789 951 868 speeie
966 788 1143 854 defensio-5

109 871 166 948 nis,
183 888 247 932 rara
263 869 413 931 admodum
429 881 459 931 et
474 873 550 950 apud
566 888 618 931 eos
635 870 854 948 solos'iudiees‚
873 874 922 951 qui
938 873 1018 933 nulla
1033 883 1113 934 certa

109 953 311 1033 pronuntiandi
325 953 425 1016 forma
449 964 591 1016 tenentur.
624 953 793 1033 Quanquam
807 955 876 1017 illae
896 973 1022 1034 qnoque>
1037 957 1113 1035 apud

110 1034 144 1099 (l.
162 1036 319 1098 Gaesarem
337 1047 366 1098 et
383 1038 560 1099 Triumviros
582 1055 636 1117 pro
658 1038 836 1101 diversarum
856 1042 978 1124 partium
993 1039 1112 1100 homini·

108 1121 164 1180 bns
181 1121 323 1197 notiones,
340 1123 451 1183 etiamsi
463 1122 601 1202 precibus
613 1130 739 1198 utuntur,
756 1121 892 1182 adhibent
903 1130 998 1182 tamen
1015 1130 1113 1202 patro·

110 1204 200 1274 oinia3
217 1206 272 1266 nisi
286 1204 344 1268 hoo
360 1223 417 1266 non
432 1207 591 1266 fortissime
608 1204 791 1265 defendentis
808 1214 871 1282 est,
896 1204 1013 1282 dinero,
1032 1204 1115 1279 Qutu

108 1289 196 1350 uliud
211 1291 336 1367 eqt'mus,
356 1288 492 1368 Tubero,
507 1291 568 1350 nisi
581 1299 629 1364 ut,
646 1291 729 1366 quod
744 1289 793 1350 ltin
807 1295 922 1368 potest,
937 1307 994 1351 nos
1006 1308 1113 1369 posso-

108 1374 199 1436 mua?
235 1369 346 1445 Quodsi
369 1372 484 1450 quando
507 1372 582 1451 apud
597 1372 759 1450 Principem
775 1373 917 1449 aliumve,
940 1373 1003 1450 oui,
1020 1382 1145 1439 utrum6

109 1457 190 1532 velit,
210 1455 309 1530 lineat,
326 1454 479 1516 dicendum
497 1457 562 1533 erit,
579 1457 704 1534 utquam
719 1458 842 1535 quidem
854 1464 1040 1533 montosam,
1055 1474 1115 1537 pro

109 1557 169 1621 quo
185 1541 359 1619 loquemur,
378 1540 518 1602 elementi
538 1548 640 1602 tumen
652 1543 842 1602 servandum
856 1559 924 1602 eme
937 1543 988 1604 nal
1003 1543 1113 1603 talem.-

110 1625 232 1704 primum
255 1624 378 1684 omnium
399 1639 457 1683 non
481 1625 535 1684 erit
552 1627 602 1684 res'
617 1623 701 1683 nobis
718 1642 781 1684 oum
798 1623 965 1697 adversario
981 1623 1033 1684 sed
1051 1640 1114 1684 oum

110 1709 223 1784 iudice,
246 1707 351 1768 deinde
372 1707 464 1768 forma
488 1707 696 1768 deliberativae
710 1708 803 1784 magis
818 1709 957 1767 materiae
975 1723 1058 1785 qnam
1072 1709 1114 1765 in·

110 1791 222 1852 dioialis
243 1800 366 1851 utemur.
414 1791 603 1852 Suadebimus
624 1792 714 1867 enim,
741 1800 772 1850 ut
792 1791 907 1851 laudern
932 1791 1114 1851 humanitatis

111 1877 305 1954 potiusquam
322 1873 501 1953 voluptatem
516 1875 634 1935 ultionis
658 1875 856 1951 oououpisoat.
895 1873 980 1952 Apud
1002 1875 1141 1934 iudicesl

111 1957 227 2038 quidem
248 1959 406 2018 seeundum
438 1956 536 2036 legem
554 1959 685 2018 dicturos
711 1957 881 2017 sententiam
907 1957 944 2017 de
970 1957 1114 2018 confessis

110 2043 286 2121 praecipere
300 2041 451 2103 ridiculum
468 2051 522 2101 est.
561 2040 660 2118 Ergo3
681 2041 756 2119 qnae
778 2058 872 2119 neque
894 2043 995 2118 negari
1019 2057 1115 2119 neque

111 2126 262 2187 transferri
288 2135 426 2203 possunt,
459 2127 558 2204 utique
582 2124 766 2185 defendenda
793 2134 875 2201 sunt,
903 2125 1115 2203 qualiacunque

111 2218 193 2285 sunt,
216 2217 264 2270 aut
287 2227 374 2270 oanea
397 2209 567 2269 cedendum.
613 2208 746 2286 Negandi
768 2208 914 2286 duplicem
936 2207 1116 2269 ostendimus

111 2293 244 2368 formam,
264 2301 312 2352 aut
329 2310 387 2351 non
405 2311 474 2352 esse
489 2293 595 2352 fautum
610 2302 732 2352 autnon
747 2291 896 2368 hooesse,
912 2293 990 2369 qnod
1007 2293 1115 2352 fautum

111 2377 160 2436 sit.
199 2373 283 2449 Quae
305 2392 400 2453 neque
423 2375 540 2435 defendi
557 2391 653 2452 neque
675 2373 827 2434 transferri
852 2381 990 2453 possunt,
1015 2375 1115 2452 utique

111 2458 265 2536 neganda,
292 2475 348 2518 neo
370 2457 464 2518 solum
489 2460 519 2516 si
534 2458 623 2516 finitio
645 2465 747 2536 potest
774 2474 842 2516 esse
864 2457 1038 2535 pronubis,
1062 2456 1115 2516 sed

112 2544 199 2603 etiam
217 2543 241 2600 si
257 2540 331 2600 nuda
347 2541 477 2601 infitiatio
494 2550 641 2619 superest.
672 2539 778 2600 Testes
794 2548 894 2600 erunt:
915 2540 1003 2600 multa
1020 2543 1048 2600 in
1064 2547 1146 2602 eosii

112 2624 213 2685 diuere
235 2623 320 2692 lioet;
344 2624 585 2702 chirographum:
615 2625 651 2684 de
675 2621 858 2683 similitudine
878 2622 1038 2684 litterarum
1059 2625 1115 2687 dis·

112 2725 254 2768 seremns.
291 2707 398 2786 Utique
424 2707 494 2767 nihil
515 2709 570 2767 erit
590 2710 673 2787 peius
701 2724 785 2785 ιιιιιιιι
806 2707 965 2767 confessio.
1010 2707 1116 2768 Ultima

113 2800 159 2854 est
174 2793 297 2853 aetionis
313 2793 525 2867 controversia,
543 2809 607 2851 uum
625 2790 799 2853 defendendi
818 2791 981 2868 negandive
995 2808 1053 2851 non
1071 2800 1116 2851 est

112 2877 213 2952 loeus,
235 2875 329 2936 idest
349 2873 509 2936 translatio.
548 2875 637 2954 Atqui
658 2873 798 2953 quaedam
818 2883 899 2950 sunt,
924 2892 999 2953 quae
1019 2882 1146 2954 neque9

111 2962 214 3037 negari
235 2976 331 3038 neque
360 2955 477 3020 defendi
503 2976 598 3039 neque
624 2958 775 3020 transferri
795 2967 927 3038 possunt.
963 2956 1117 3022 Adulterii

112 3037 170 3103 reu
185 3051 246 3118 ert,
262 3060 358 3120 quoe,
375 3063 444 3106 oum
457 3061 540 3106 enno
553 3044 650 3105 viduo
670 3043 795 3123 finisset,
812 3044 905 3105 enimn
922 3051 986 3110 eser
1008 3042 1045 3102 lis
1058 3059 1116 3101 non

113 3125 179 3188 erit.
217 3125 315 3199 Quare
334 3126 406 3187 illud
427 3127 597 3190 stultissime
621 3127 809 3206 praecipitur,
833 3127 911 3206 quod
928 3125 1115 3187 defendi'non

113 3209 219 3288 possit,
236 3208 352 3268 silentiu
364 3211 613 3280 dissimulandum
630 3211 771 3290 siqnidem
788 3211 887 3285 estid,
904 3210 941 3270 de
957 3225 1014 3287 quo
1028 3208 1115 3269 index

113 3291 349 3372 pronumiaturus
369 3300 423 3353 est.
468 3291 506 3353 At
528 3297 552 3354 si
574 3293 681 3355 o'xtra
703 3310 849 3354 eausam
866 3295 903 3352 sit
919 3293 1072 3354 adduotnm
1087 3301 1115 3352 et
1125 3300 1162 3355 10

113 3385 223 3437 tantum
239 3376 436 3437 eoniunotnm:
459 3377 554 3438 malim
575 3379 690 3457 quidem
706 3377 820 3452 dicere,
843 3375 913 3436 nihil
930 3377 958 3436 id
976 3377 1012 3437 ad
1027 3394 1114 3456 quae·

112 3462 238 3522 ationem
251 3477 307 3520 neo
323 3455 390 3520 ess'e
407 3462 436 3520 in
455 3459 499 3520 his
514 3459 679 3530 morandum
701 3470 730 3521 et
749 3461 840 3519 minus
859 3477 943 3538 esse,
968 3478 1052 3541 quam
1067 3461 1116 3522 ud·
