2570 3946
203 229 224 295 6
526 243 890 304 acramomummaar

159 401 249 465 rusie
269 415 395 477 corpore
419 398 579 477 operienda
601 406 676 458 aunt.
722 397 852 477 Ideoque
877 415 931 459 noa
958 415 1016 460 nou
1039 399 1210 478 particulam

93 543 96 554 ,
202 483 293 562 illam,
310 486 385 544 sicat
399 482 551 561 plerique,
566 483 619 543 aed
636 482 773 562 quidquid
788 482 860 542 utile
874 482 910 544 ad
925 483 1130 546 instituendum
1144 500 1209 544 ora·

202 575 298 628 torem
318 564 506 647 putabamus,
529 568 559 626 ia
579 565 634 626 hoa
657 565 812 627 duodecim
832 565 924 626 liltroa
947 567 1120 630 contulimus
1141 566 1209 630 bre·

202 653 279 712 viter
302 652 397 712 omnia
421 649 652 711 demonstraturi.
684 648 757 711 llam
778 652 803 711 ai
824 659 960 728 quactum
980 652 1016 712 de
1039 667 1156 730 quaque
1175 668 1210 711 re

161 745 195 800 26
204 734 262 795 dici
282 743 383 815 potaat
404 751 630 813 persequamur,
653 733 716 794 linia
732 737 832 813 operia
847 749 905 794 aon
924 736 1100 814 reperietur.
1133 733 1211 796 lllud

203 827 300 880 tamen
319 821 348 878 in
370 819 469 897 primia
490 817 653 878 testandum
673 825 735 894 eat,
755 816 824 878 nilril
847 827 1007 897 praccepta
1027 827 1114 897 atque
1130 827 1209 879 artes

202 902 306 963 valere
320 903 376 962 nial
397 901 550 962 adiuvante
571 909 681 961 natura.
714 899 902 980 Quapropter
919 904 963 978 ei,
988 903 1035 964 cui
1056 901 1151 962 deerit
1167 903 1209 962 in-

161 984 1210 1148 2⁷titiiiddittlt‘i:tit‘idiiditdidtddtil

203 1169 279 1230 vox,
306 1153 382 1213 latua
408 1153 521 1231 patiens
548 1151 677 1229 laboria,
704 1152 861 1228 valetudo,
894 1154 1071 1230 constantia,
1099 1153 1207 1220 decor;

204 1253 279 1316 quae
306 1239 331 1296 ai
351 1237 466 1296 modica
488 1237 671 1314 obtigerunt,
700 1245 823 1314 poasuut
845 1238 958 1298 ratione
985 1237 1135 1316 ampliari,
1157 1237 1209 1298 aad

202 1337 405 1399 maranorum
421 1323 461 1380 ita
475 1320 596 1398 desunt,
616 1330 647 1380 ut
664 1320 741 1380 bona
759 1321 844 1382 etlam
858 1321 966 1398 ingenii
982 1321 1128 1400 studiique
1144 1336 1207 1380 cor·

203 1413 349 1482 rumpadt;
372 1405 448 1463 siout
464 1402 583 1464 ethaeo
598 1404 662 1482 ipsa
678 1405 742 1463 sinc
757 1404 880 1465 doctore
894 1407 1006 1483 perito,
1029 1404 1124 1465 studio
1142 1421 1208 1483 per·

203 1489 309 1563 tinaci,
334 1486 498 1562 scribendi,
518 1487 654 1565 legendi,
676 1487 792 1549 dicendi
808 1487 897 1548 multa
915 1497 945 1549 et
966 1489 1101 1549 contiuua
1124 1505 1207 1548 exer·

205 1572 343 1631 citatione
364 1587 420 1648 per
436 1588 469 1630 se
485 1571 557 1631 nihil
572 1580 703 1650 prosunt.

269 1722 527 1784 Quamaomonom
544 1723 649 1774 PRIMA
666 1723 845 1778 monadia
862 1723 1144 1780 accommodanti.

289 1824 312 1885 Ι.
355 1823 446 1903 igitur
466 1833 535 1885 nato
558 1825 619 1886 illio
643 1835 728 1905 pater
746 1844 829 1906 spem
850 1825 887 1886 de
909 1825 961 1886 illo
983 1827 1105 1904 primum
1125 1842 1209 1904 qaam

204 1911 340 1990 optimam
362 1911 474 1987 capiat,
497 1910 537 1971 ita
552 1908 720 1987 diligentior
740 1928 756 1971 a
773 1911 923 1990 principiis
943 1909 1002 1970 liet.
1032 1909 1119 1972 Falsa
1134 1911 1209 1969 euim

205 2002 251 2055 eat
272 1993 410 2072 querela,
435 1994 617 2070 pauciaaimia
641 1992 803 2054 hominibus
830 1995 888 2053 vim
911 1994 1109 2072 percipiendi,
1133 2010 1207 2071 quae

204 2077 370 2152 tradantur,
386 2093 454 2135 ease
469 2093 657 2151 concessam,
679 2077 840 2156 plerosque
854 2094 928 2137 varo
943 2075 1074 2138 laborem
1088 2095 1123 2137 ao
1137 2085 1208 2138 tem·

204 2177 278 2240 pora
298 2159 432 2220 tarditate
454 2159 562 2236 ingenii
580 2159 716 2238 perdere.
750 2159 822 2222 llam
837 2169 938 2221 contra
956 2161 1056 2240 plurea
1076 2162 1208 2240 reperias

205 2252 235 2304 at
249 2243 352 2304 faciles
368 2243 397 2301 in
415 2243 610 2320 excogitando
628 2245 706 2306 etad
721 2244 888 2305 discendam
903 2254 1064 2324 promptos.
1092 2244 1208 2324 Quippe

204 2328 234 2390 ld
253 2336 299 2387 eat
320 2325 427 2386 homini
448 2326 594 2396 naturale;
618 2345 653 2387 ac
673 2329 747 2388 sicut
765 2345 835 2389 avae
855 2329 892 2390 ud
916 2329 1061 2405 volatum,
1085 2329 1151 2407 equi
1172 2327 1209 2388 ad

206 2428 335 2485 curcum,
357 2409 393 2470 ad
409 2411 558 2470 saevitiam
573 2410 655 2471 ierac
670 2413 842 2490 gignuntur:
868 2415 907 2473 ita
929 2411 1013 2472 rolris
1028 2413 1147 2492 propria
1163 2419 1210 2471 eat

204 2495 306 2556 mantia
328 2495 448 2571 agitatio
470 2493 558 2574 utque
580 2495 727 2572 solicola,
754 2496 830 2557 unde
852 2497 937 2575 origo
960 2498 1044 2557 animi
1068 2495 1208 2557 coelectis

177 2578 342 2648 deraditur.
383 2575 513 2639 llehetee
536 2595 610 2638 vero
635 2587 664 2639 et
687 2579 830 2641 indociles
855 2597 913 2641 rou
938 2582 1030 2659 magia
1051 2580 1209 2641 secundum

204 2672 332 2722 naturam
347 2661 478 2722 homines
496 2662 618 2723 eduntur
638 2681 722 2742 qoam
744 2664 914 2743 prodigiosa
930 2680 1056 2743 corpora
1077 2672 1107 2725 et
1126 2680 1207 2723 moa·

204 2747 272 2805 atris
293 2747 434 2821 iusignia,
457 2747 511 2808 aed
531 2745 560 2806 hi
580 2749 664 2825 pauci
685 2747 845 2809 admodum.
876 2747 977 2810 Fuerit
998 2755 1207 2826 argumentum,

205 2827 283 2907 quod
302 2829 331 2887 iu
346 2829 444 2906 pueris
467 2830 565 2892 elucet
580 2849 649 2911 epea
665 2831 869 2910 plurimorum,
894 2849 1050 2911 quaecum
1070 2832 1209 2892 emoritur

204 2919 317 2988 aetate,
336 2912 518 2973 manifestum
539 2921 599 2989 eat,
625 2931 683 2974 nou
707 2925 835 2977 naturam
855 2916 1003 2977 deiecisse
1024 2915 1078 2977 aed
1099 2929 1207 2976 comm.

177 2995 338 3057 3Praestat
351 3003 446 3056 tamen
458 2998 575 3074 iugenio
587 2997 660 3058 aliua
672 2999 766 3060 alium.
784 2997 939 3070 Gouced03
953 2999 1006 3060 aad
1017 2999 1084 3079 plue
1097 2998 1210 3060 alliciet

205 3088 253 3140 aut
273 3081 380 3148 mimam
404 3096 489 3140 remo
510 3082 670 3160 reperitur,
693 3086 742 3162 qui
762 3086 798 3144 sit
817 3085 913 3146 studio
934 3083 1005 3144 nihil
1020 3089 1208 3144 consecutus.

176 3161 268 3224 ·lloo
292 3164 341 3242 qui
366 3163 541 3242 perviderit,
570 3167 702 3243 protinus
723 3174 754 3228 ut
779 3169 835 3227 erit
858 3185 964 3248 pareus
990 3167 1085 3228 iactus
1110 3183 1211 3227 aorem

205 3264 290 3325 quam
304 3247 427 3308 maxime
444 3265 541 3309 curam
556 3249 621 3327 apci
636 3249 724 3312 iuturl
743 3252 867 3312 oratoria
884 3251 1039 3331 impendat.

175 3336 194 3391 a
288 3330 366 3390 llute
380 3333 473 3393 omnia
487 3350 525 3392 ua
539 3335 577 3393 ait
587 3335 710 3394 vitiosae
722 3351 819 3395 sermo
832 3335 1003 3413 nutricibus,
1019 3352 1091 3416 quaa
1106 3335 1132 3392 ai
1145 3333 1212 3393 lieri

204 3412 308 3492 poaaet
324 3417 473 3495 sapientes
494 3413 675 3495 Chrysippus
694 3420 819 3497 optavit,
841 3429 922 3482 carte
943 3427 1079 3499 quantum
1092 3435 1142 3478 rea
1157 3433 1210 3496 pa·

204 3506 316 3559 teretur
335 3501 458 3580 optimas
477 3501 548 3578 eligi
566 3500 668 3561 voluit.
706 3499 744 3562 ldt
759 3519 869 3564 morum
889 3504 1005 3582 quidem
1023 3506 1052 3564 in
1072 3502 1117 3563 lria
1132 3499 1212 3562 haud
