2608 3948
378 233 468 284 snsr.
493 234 643 284 onaaon.
665 235 736 284 nro.
759 230 855 289 uno.
1068 223 1126 288 127

119 389 185 452 Non
202 398 246 451 est
262 388 338 465 tale,
360 387 467 452 Habeo
481 391 531 451 iua
545 392 691 466 octims,
712 388 781 452 Non
802 390 917 459 tatae·
938 400 970 451 ut
984 392 1021 452 sit
1036 410 1126 471 quae·

118 475 192 551 stio,
217 493 259 536 uu
280 475 418 537 babeat?
440 482 470 534 et
489 474 555 535 inde
578 483 680 535 status.
726 474 862 553 Accipiat
884 475 959 536 enim
982 477 1127 538 actionem

118 576 229 634 necue,
251 557 288 618 ad
306 564 441 617 eventum
458 561 595 636 pertinet,
614 576 672 618 non
687 559 724 620 ad
741 575 868 634 causam,
888 567 917 618 et
932 558 969 620 ad
986 559 1030 635 id,
1049 560 1126 639 qnod

119 642 284 725 pronuntiat
299 641 404 717 iudex,
424 656 481 701 non
499 642 544 719 id,
562 652 687 722 propter
702 643 779 721 quod
795 644 970 722 pronuntiat.
1004 642 1069 704 lloc
1084 644 1169 706 illito

118 726 211 789 simile
233 734 296 801 est,
326 723 506 788 Punieudua
527 747 576 804 ea,
605 725 673 789 Nou
697 746 784 796 aum‚·
816 725 928 787 videbit
953 728 1057 806 iudex,
1083 747 1126 792 un

118 811 294 955 puniendus
316 810 378 872 ait?
411 808 469 870 Sed
489 826 548 870 uon
568 809 616 872 lric
640 813 694 871 erit
718 812 851 891 quaestio
873 829 930 872 nec
952 810 1000 872 bic
1022 821 1124 874 status.

144 893 174 954 bi
191 889 287 971 ergo?
306 891 483 956 Punieudua
498 913 548 971 es,
570 897 719 958 bominem
735 897 897 965 occidisti,·
918 893 987 958 Nou
1007 899 1125 960 occidi:

116 977 167 1038 An
189 979 362 1041 occiderit?
384 975 594 1041 Honoruudua
608 998 693 1058 aum,
716 979 785 1043 Nou
799 1000 851 1050 εις
873 998 939 1042 num
955 989 1060 1040 statum
1075 981 1125 1041 ha·

118 1058 191 1127 bct?
210 1077 285 1138 non,
303 1071 334 1123 ut
348 1071 429 1143 puto.
462 1061 671 1126 Honorandua
689 1083 774 1143 aum,
797 1068 871 1143 quia
890 1073 1053 1144 tyranuum
1073 1085 1125 1130 oo-

120 1148 200 1218 cidi‚·
219 1143 287 1209 Nou
298 1149 451 1224 occidisti,
468 1149 602 1226 quaestio
616 1156 645 1208 et
660 1156 762 1208 status.
791 1147 940 1224 Similiter,
957 1147 1025 1212 Nou
1040 1150 1168 1212 nectale

119 1233 202 1312 spis,
231 1231 326 1294 Recte
346 1240 406 1312 up'o
428 1231 596 1293 nonhabet
618 1240 731 1292 statum.
776 1230 832 1294 Ubi
852 1240 897 1292 est
922 1229 1017 1309 ergoi
1057 1231 1126 1296 Non

115 1325 199 1378 recte
219 1318 289 1395 apis
307 1317 533 1396 ipuomiuioaus.
569 1314 741 1392 Quaeritur,
761 1313 810 1377 An
830 1318 1048 1394 ippotuiuiosus
1063 1319 1126 1379 sit?
1191 1315 1194 1318 ’

117 1408 181 1476 aut,
205 1396 255 1460 Au
276 1418 372 1480 opere
392 1401 591 1480 ipmmiadoao
613 1402 726 1462 liceat?
759 1401 947 1479 quaestiones
970 1409 999 1460 et
1021 1409 1123 1461 status.

117 1483 198 1561 Ergo
214 1482 414 1544 translativum
435 1501 529 1562 genus
546 1501 653 1544 causae
668 1492 699 1544 ut
715 1485 942 1563 comparativum
962 1493 991 1544 et
1008 1493 1124 1547 mutuae

117 1567 323 1628 accusationis.
360 1568 399 1627 Αι
418 1569 493 1628 enim
511 1568 605 1630 simile
624 1576 671 1629 est
685 1567 727 1630 illi
750 1566 879 1645 „Habeo
898 1570 963 1644 ius,
986 1589 1046 1630 uon
1067 1570 1124 1632 ltu-
1133 1569 1167 1625 76

117 1653 193 1714 bea“
218 1647 410 1728 ,‚0coidiati‚
431 1651 527 1714 Recte
547 1653 683 1715 occidi.“
716 1650 783 1712 Non
797 1670 893 1730 nego,
910 1653 963 1713 sed
979 1671 1034 1714 neo
1050 1652 1126 1713 liaeo

116 1753 165 1796 res
183 1745 288 1797 statum
305 1736 385 1798 lacit.
417 1735 484 1797 Non
503 1734 578 1798 enim
593 1745 659 1797 sunt
674 1737 729 1797 lrae
745 1738 980 1816 propositiones,
999 1736 1125 1815 (alioqui

117 1837 206 1881 causa
230 1837 288 1880 non
314 1820 525 1901 explicabitur)
553 1821 606 1882 sed
629 1838 693 1881 cum
719 1821 779 1880 suis
802 1820 971 1881 rationibus.
1015 1819 1126 1882 Scelus

117 1905 264 1968 commisit
282 1903 447 1984 limatius,
466 1923 605 1970 acrorem
624 1905 840 1966 eumoccidit.
879 1901 948 1969 Non
966 1905 1124 1982 commisit,

116 1988 222 2050 debuit
239 1989 319 2051 euim
333 1989 478 2052 occidere
492 2009 577 2068 com,
601 2004 683 2068 quuc
700 1988 794 2051 bostis
811 1997 936 2052 mortam
954 1989 1123 2050 moerebat.

117 2071 273 2150 Quaestio,
296 2070 346 2135 Aa
364 2075 442 2136 boec
460 2076 545 2138 iustu
562 2074 683 2136 causa?
704 2074 744 2134 ita
762 2071 896 2152 qualitas.
933 2071 971 2134 Ει
993 2071 1125 2133 similiter
1133 2076 1166 2132 tt

116 2158 144 2217 in
165 2157 371 2235 translatione,
402 2157 471 2221 Non
493 2157 589 2222 bubus
609 2159 660 2220 ius
679 2155 867 2236 abdicandi,
895 2160 970 2237 quia
995 2159 1124 2238 ipnomi-

115 2244 203 2305 nioso
219 2261 279 2304 noa
300 2253 343 2305 cat
362 2245 453 2306 uotio.
486 2242 593 2307 Habeo
610 2245 676 2312 ius,
695 2244 768 2321 quia
787 2242 945 2306 abdicatio
962 2245 1045 2306 cotio
1064 2261 1124 2304 nou

116 2334 170 2388 eat.
208 2324 380 2402 Quaeritur,
405 2325 487 2402 Quid
505 2329 545 2390 ait
564 2330 663 2390 aetio:
688 2326 834 2395 liniemus;
857 2323 927 2388 Non
942 2326 1015 2389 licet
1033 2326 1124 2388 abdi-

117 2408 325 2486 coactitium,
348 2409 548 2488 syllogismos.
582 2410 654 2474 ltetn
675 2418 774 2471 cetera
793 2426 847 2488 pcr
870 2427 970 2470 omnes
989 2417 1019 2468 et
1036 2411 1123 2468 ratio·

118 2490 201 2554 uales
226 2501 256 2552 ct
278 2492 392 2570 legales
412 2503 514 2554 status.
558 2493 621 2555 Nec
643 2496 747 2572 ignoro
769 2493 861 2552 luisse
887 2493 1045 2571 quosdam,
1076 2493 1166 2570 quil&

112 2574 339 2638 translationem
354 2577 383 2636 in
394 2577 527 2638 rationali
540 2594 657 2657 quoque
672 2593 784 2655 genere
796 2585 940 2654 ponerent
954 2576 1012 2636 lroc
1025 2575 1123 2652 modo,
1195 2625 1196 2628 .

116 2657 274 2723 Hotuiuem
292 2662 396 2724 occidi
402 2705 412 2738 ,
431 2662 534 2723 iussus
553 2662 593 2724 ab
610 2665 806 2740 imperatore.
841 2657 933 2722 Deua
950 2660 1055 2738 tempti
1072 2678 1124 2722 co-

115 2745 200 2826 peuti
224 2755 356 2828 pronao
378 2746 461 2808 dedi.
503 2744 638 2807 Deserta
662 2745 911 2823 imparitatibus,
937 2741 1124 2823 fluminibus,

116 2831 293 2894 ualetudine
313 2831 496 2910 impeditur,
529 2829 557 2890 id
580 2838 643 2905 est,
673 2845 731 2888 non
754 2845 808 2907 per
828 2846 874 2890 me
898 2829 977 2889 stetit
999 2829 1052 2889 sed
1070 2847 1124 2908 per

117 2913 199 2994 illud.
245 2915 399 2995 Aquibus
420 2915 506 2976 etiarn
528 2913 647 2974 liberius
670 2912 821 2976 dissentio.
862 2910 927 2973 Non
950 2914 1025 2974 enim
1047 2915 1123 2974 actio
1132 2910 1167 2968 79

117 3000 291 3061 transfertur
309 3001 361 3062 sed
378 3017 466 3061 causa
489 2999 576 3075 iacti,
601 2996 679 3077 quod
697 2997 802 3058 accidit
820 3014 914 3076 paene
937 2999 965 3058 in
981 2999 1058 3058 omni
1073 2997 1123 3056 tle-
1188 3037 1190 3048 .

122 3081 262 3148 lensione.
297 3083 412 3146 Deinde
433 3086 476 3159 is,
498 3082 614 3163 quitali
634 3083 722 3143 utitur
739 3084 919 3160 patrocinio,
938 3097 996 3141 non
1011 3081 1124 3140 recedit

120 3165 244 3227 niorma
268 3167 430 3245 qualitatis,
456 3168 526 3232 dicit
547 3169 640 3244 eninr,
667 3184 699 3227 se
722 3166 808 3245 culpa
829 3183 952 3234 vacare;
979 3173 1010 3224 ut
1031 3165 1141 3245 inagis¹

122 3249 266 3329 qualitatis
286 3249 395 3328 duplex
410 3253 485 3312 ratio
502 3251 636 3314 facienda
652 3252 700 3328 sit,
720 3251 812 3310 altera
830 3267 887 3329 qua
904 3258 933 3308 et
947 3249 1056 3308 laetum
1073 3246 1122 3306 ‹le-

119 3333 262 3411 lenditur,
281 3333 373 3394 altera
390 3351 446 3412 qua
462 3343 568 3395 tantum
586 3353 664 3396 reus.

206 3416 390 3481 Credendum
407 3427 453 3481 cst
468 3419 554 3497 igituir
567 3419 629 3497 bis,
651 3435 772 3498 quorum
788 3415 989 3476 auctoritatem
1005 3421 1167 3477 secutussso

120 3512 167 3565 est
183 3501 303 3580 cicero,
319 3504 392 3564 tria
408 3520 486 3582 esse,
503 3520 577 3583 quae
593 3505 622 3564 in
638 3503 713 3563 omni
729 3501 922 3580 disputatione
939 3508 1122 3579 quaerantur,
1198 3539 1292 3656 A
