2570 3946
373 247 463 296 nasu.
480 246 631 324 cernon.
647 247 717 295 urs.
733 247 776 313 11,
790 243 817 300 a.
835 245 877 297 ιο.
1087 235 1126 294 77

395 403 439 454 Ι)Ε
457 401 584 454 orricio
603 399 854 454 ursciruuottom.

208 487 258 550 lx.
291 488 379 550 Plura
401 488 438 549 de
461 487 560 548 cilicio
584 485 750 546 docentium
774 484 891 546 locutus
915 486 1082 567 discipulos
1098 488 1128 549 id

110 591 211 643 Χιιιιιιιιι
225 573 340 635 interim
354 588 478 648 moneo,
502 581 534 632 ut
548 577 761 650 praeceptores
778 586 848 630 snos
863 586 921 630 non
934 572 1027 632 miuus
1043 589 1128 652 quam

123 659 188 736 ipsa
204 657 299 718 studia
314 665 426 731 ament,
455 665 484 716 et
507 663 645 734 parentes
669 669 736 714 esse
759 669 816 713 uon
840 655 957 733 quidem
973 673 1129 736 corporum

121 741 178 802 sed
193 742 329 802 mentium
344 739 474 801 credant.
519 737 638 799 Multum
660 738 734 799 haec
754 737 849 816 pietas
865 739 1000 803 conferet
1016 741 1157 810 studimt

122 842 189 885 uam
206 827 246 885 ita
261 833 291 884 et
308 824 434 886 libenter
451 823 569 885 audient
585 831 613 882 et
628 821 712 883 dietis
728 821 850 883 credent
873 831 903 882 et
927 839 995 884 esse
1018 825 1128 886 similes

124 909 353 987 concupiscent,
377 910 405 968 in
427 909 509 987 ipsos
534 907 660 986 denique
685 913 787 966 coetus
803 905 969 969 scholarum
983 908 1054 969 laeti
1069 909 1128 970 ala-

125 1010 252 1072 cresque
270 994 454 1069 convenient,
472 991 617 1052 emendati
633 1006 691 1051 non
705 992 878 1067 irascentur,
895 991 1003 1052 laudati
1018 992 1128 1070 gaude·

123 1075 212 1151 bunt,
237 1085 269 1136 ut
283 1079 342 1142 sint
355 1077 515 1151 carissimi,
541 1074 637 1136 studio
652 1073 849 1135 merebuntur.
880 1074 953 1135 Nam
968 1085 999 1136 ut
1014 1077 1158 1138 illorume

124 1159 252 1220 cilicium
269 1170 314 1221 est
330 1161 459 1236 docere,
485 1159 645 1220 siclorum
662 1158 808 1238 praebere
822 1174 856 1218 se
872 1158 1004 1228 dociles;
1022 1160 1130 1241 alioqui

122 1253 255 1305 nentrum
270 1245 333 1304 sine
350 1245 444 1306 altero
462 1242 579 1305 suffieit.
619 1241 658 1304 Et
672 1243 747 1303 sicut
761 1240 884 1303 hominis
900 1250 980 1302 ortus
996 1262 1035 1303 ex
1050 1253 1129 1304 ntro-

124 1347 183 1408 que
198 1330 378 1406 gignentium
394 1328 562 1403 confertur,
588 1336 618 1388 et
632 1325 739 1386 frustra
762 1327 906 1404 sparseris
922 1327 1049 1403 semina,
1074 1328 1129 1387 nisi

124 1412 176 1472 illa
202 1413 404 1490 praemollitus
428 1412 535 1472 foverit
558 1411 675 1472 sulcus:
700 1411 741 1470 ita
763 1409 932 1490 eloquentia
956 1412 1128 1472 coalescere

125 1497 243 1574 nequit,
260 1497 315 1556 nisi
331 1497 444 1557 sociata
458 1496 598 1556 tradentis
614 1495 845 1575 accipientisque
860 1495 1029 1556 concordia.

278 1649 320 1700 DE
338 1647 573 1700 concluduntur
591 1645 735 1699 RATIONE
753 1647 994 1699 DECLAMANDI..

210 1745 247 1806 ll.
278 1745 312 1806 ln
332 1745 376 1807 his
400 1747 499 1826 primis
522 1744 677 1826 operibus,
690 1763 777 1826 quac
798 1761 855 1804 non
877 1745 941 1823 ipsa
959 1761 1049 1822 parva
1065 1752 1130 1803 sunt

126 1831 180 1892 sed
196 1830 335 1891 maiorum
350 1832 433 1909 quasi
450 1829 579 1890 membra
601 1838 688 1909 atque
711 1837 828 1907 partes,
850 1826 927 1888 bene
942 1828 1071 1888 instituto
1087 1836 1129 1888 at·

127 1931 185 1994 que
203 1913 368 1974 exercitato
392 1914 448 1975 iam
469 1913 534 1973 lere
550 1921 665 1990 tempus
683 1919 804 1990 appetet
819 1910 1011 1988 aggrediendi
1026 1929 1128 1970 suaso-

59 2015 64 2020 ·
125 1998 185 2058 rias
206 1997 419 2077 iudicialesque
443 1996 594 2064 materias;
624 2013 744 2076 quarum
766 2003 919 2073 autequam
938 1995 1014 2054 viam
1033 1995 1129 2072 ingre·

127 2081 207 2159 dior,
223 2099 317 2161 pauca
334 2079 403 2140 milri
418 2081 455 2142 de
478 2081 556 2160 ipsa
577 2081 724 2140 ratione
749 2077 984 2140 declamandi
1005 2077 1131 2140 dicenda

127 2174 204 2243 sunt,
221 2182 296 2246 quae
309 2164 425 2244 quidem
436 2174 466 2225 ut
483 2182 521 2226 ex
536 2164 667 2225 omnihus
685 2163 842 2224 novissime
854 2163 970 2222 iuventa
984 2163 1024 2223 ita
1038 2163 1129 2226 multo

128 2258 174 2310 est
189 2249 350 2310 utilissima.
384 2249 456 2310 Nam
473 2257 502 2310 et
518 2258 622 2309 cuncta
639 2248 706 2323 illa,
723 2247 760 2308 de
778 2246 882 2327 quihus
899 2247 1032 2322 diximus,
1050 2248 1080 2307 in
1095 2254 1157 2307 set

126 2335 192 2394 iere
216 2334 361 2407 eontinet,
387 2342 418 2392 ct
430 2333 547 2394 veritati
562 2333 723 2411 proximam
743 2332 898 2409 imaginem
914 2330 1024 2399 reddite
1049 2331 1130 2390 ideo·

129 2435 186 2496 que
202 2418 242 2477 ita
259 2425 305 2476 est
321 2415 487 2492 celebrata,
509 2425 541 2476 ut
564 2415 715 2494 plerisque
731 2414 881 2476 videretur
901 2415 938 2474 ad
953 2414 1132 2475 formandam

130 2500 328 2579 eloquentiam
342 2499 391 2560 vel
409 2499 473 2560 sola
489 2499 638 2560 sullicere.
671 2499 776 2578 Neque
793 2501 868 2558 enim
884 2498 975 2557 virtus
993 2496 1052 2558 ulla
1064 2515 1131 2576 per·

128 2592 237 2664 petnae
255 2583 392 2643 duntaxat
408 2583 547 2644 orationis
568 2583 692 2661 reperiri
707 2590 823 2661 potest,
847 2597 922 2660 quae
942 2581 1053 2640 non-sit
1068 2597 1133 2640 oum
1176 2617 1177 2624 ι

128 2668 185 2728 lrac
200 2667 316 2728 dicendi
329 2666 517 2727 meditatione
534 2667 700 2726 communis.
731 2663 776 2725 Εο
787 2664 904 2743 quidem
915 2681 965 2723 res
977 2665 1032 2723 ista
1046 2664 1162 2744 culpat

130 2752 295 2814 docentium
310 2750 431 2827 recidit,
452 2759 485 2810 nt
506 2751 581 2809 inter
595 2749 788 2828 praecipuas,
812 2765 887 2826 quae
912 2757 1133 2828 corrumperent
1169 2825 1174 2828 ⁵

130 2837 346 2916 eloquentiam,
363 2852 467 2896 causas
485 2834 604 2896 licentia
619 2841 707 2912 atque
722 2832 836 2893 inscitia
852 2831 1074 2900 declamantium
1088 2833 1133 2892 in·

130 2921 195 2980 erit.
234 2919 294 2982 Sed
311 2935 365 2996 eo,
389 2919 468 2998 quod
489 2926 590 2980 natura
605 2918 712 2979 honum
727 2925 790 2994 est,
806 2916 882 2978 bene
899 2917 941 2976 uti
955 2917 1036 2979 licet.
1070 2919 1162 2979 Sinti

130 3020 204 3080 ergo
221 3012 251 3064 et
265 3005 348 3081 ipsae
364 3004 515 3079 materiae,
532 3020 607 3081 quae
625 3001 784 3080 tingentur,
803 3018 888 3081 quam
904 3001 1067 3063 simillimae
1082 3020 1133 3060 ve-

131 3087 244 3162 ritatis,
267 3089 297 3146 et
312 3087 503 3163 declamatio,
526 3088 555 3146 in
576 3095 713 3168 qnantum
731 3086 854 3146 maxime
870 3094 985 3164 potest,
1007 3085 1134 3144 imitetur

133 3184 183 3229 cas
200 3170 349 3246 actiones,
372 3172 400 3231 in
424 3189 544 3252 quarum
567 3171 807 3231 exercitationem
827 3178 947 3248 reperta
971 3176 1025 3228 est.
1059 3165 1160 3230 Nams

131 3268 239 3333 mayor
254 3262 283 3314 et
297 3256 499 3332 pestilentiam
514 3265 544 3314 et
558 3272 708 3334 responso
723 3263 753 3315 et
767 3255 924 3316 soeoe'orer
937 3253 1066 3331 tropicis
1081 3271 1134 3313 rec-

130 3355 245 3402 oercac
267 3336 382 3416 uimque
399 3339 490 3416 magis
513 3338 605 3400 adhuc
626 3337 760 3399 fabulosa
780 3337 887 3397 frustra
909 3337 985 3395 inter
999 3337 1133 3415 sponsio·

131 3439 185 3482 nes
209 3429 239 3481 et
259 3420 415 3482 interdicta
438 3439 621 3502 quaeremus.
660 3421 736 3496 Quid
758 3417 851 3498 ergo?
885 3418 1037 3498 Nunquam
1057 3420 1133 3482 lraec

132 3522 222 3586 snpra
243 3505 329 3567 idem
353 3513 383 3566 et
398 3506 531 3585 poetica,
552 3514 583 3567 nt
597 3524 668 3567 vere
685 3505 818 3582 dixerim,
841 3502 967 3566 themata
981 3503 1133 3566 iuvenibus
