2608 3948
359 249 859 320 msu.onnu0n.n1o.11,1o.no.
1074 243 1114 304 99

110 407 205 468 atione
226 422 294 468 esse
316 414 462 466 contenta.
496 404 560 465 Erit
580 408 654 466 enim
675 407 824 467 rhetorioe
843 409 872 468 in
881 415 1010 469 oratore
1028 411 1114 472 etiam

110 498 239 567 taoonte,
263 498 294 550 et
313 490 338 550 si
361 489 481 550 desierit
497 507 588 567 agere
607 489 656 550 vel
676 491 830 571 proposito
851 492 901 552 vel
923 491 1022 570 aliquo
1043 512 1114 555 oasu

106 574 274 651 impeditus:
294 589 352 633 non
366 575 458 650 magis
475 572 589 634 desinet
604 591 672 633 esse
687 583 787 635 orator
802 588 886 654 quam
901 575 1042 654 medicus,
1063 579 1111 656 qui

108 657 224 718 eurandi
237 657 345 718 feeerit
360 656 455 716 finem.
494 655 566 716 Nam
587 665 633 716 est
654 656 774 735 aliquis,
795 675 831 718 ao
845 661 948 719 neseio
968 678 1004 720 an
1023 663 1138 724 maxi-t

105 759 185 818 mus,
209 742 295 802 etiam
317 742 494 801 exsecretis
510 740 612 800 studiis
631 739 742 801 innotus
764 758 799 801 ao
814 751 872 802 tum
890 761 962 822 pura
977 745 1113 824 voluptas

106 825 283 902 litterarum,
307 842 370 885 oum
386 823 421 885 ab
437 833 504 885 aotu
521 824 549 884 id
565 833 611 884 est
625 831 718 904 opere
734 836 923 887 recesserunt
939 836 969 887 et
984 837 1112 889 oontem-

106 908 237 988 platione
258 910 302 968 sui
323 909 464 969 iruuntur.
503 908 562 969 Sed
583 908 737 970 effectivae
760 927 877 988 quoque
891 910 999 989 aliquid
1020 913 1137 974 similet

107 994 224 1071 seriptis
240 992 418 1053 orationibus
431 992 481 1053 vel
496 991 642 1069 historiis,
667 993 745 1070 qnod
766 996 860 1073 ipsum
884 1012 958 1074 opus
979 997 1007 1055 in
1030 1005 1113 1077 parte

12 1139 16 1148 ,
107 1077 234 1137 oratoria
248 1078 351 1137 merito
366 1078 515 1155 ponimus,
540 1086 746 1154 consequetur.
783 1078 814 1138 si
831 1087 927 1139 tamen
940 1097 995 1140 una
1011 1098 1049 1139 ex
1063 1081 1112 1140 tri·

107 1159 160 1221 bus
173 1160 283 1220 artibus
295 1159 427 1222 habenda
441 1161 493 1219 sit:
511 1161 577 1237 quia
591 1161 730 1220 maximus
745 1163 807 1220 eius
819 1180 889 1240 usus
904 1172 968 1223 actu
983 1165 1112 1224 eontine-

107 1253 153 1304 tur
175 1252 262 1321 atque
287 1246 387 1304 estin
412 1260 450 1305 eo
476 1243 726 1321 frequentissima,
761 1244 873 1306 dicatur
903 1248 1025 1308 aotiva
1050 1248 1111 1308 vel

106 1327 422 1403 administrativa,
442 1344 506 1387 nam
525 1336 554 1387 et
568 1327 626 1388 hoo
641 1329 771 1390 eiusdem
788 1331 833 1389 rei
847 1347 953 1390 nomen
968 1339 1024 1389 est.

240 1477 376 1544 Nnuuun
394 1477 441 1528 AN
456 1476 625 1528 uocitatum
643 1478 724 1530 PLUS
743 1481 776 1529 ΕΙ
795 1477 978 1530 comunis.

190 1571 268 1634 xlx.
299 1573 386 1650 Soio,
403 1575 504 1653 quaeri
520 1576 616 1651 etiam,
631 1584 768 1635 naturane
782 1574 849 1654 plus
866 1576 902 1636 ad
917 1575 1112 1653 eloquentiam

107 1659 241 1722 eonlerat
264 1675 301 1718 an
322 1657 462 1720 doetrina.
505 1656 591 1732 Quod
613 1659 649 1719 ad
673 1661 854 1738 propositum
880 1659 996 1738 quidem
1020 1661 1112 1720 nostri

107 1745 205 1824 operis
232 1742 303 1804 nibil
328 1744 470 1823 pertinet:
493 1759 589 1820 neque
611 1739 685 1802 enim*
705 1752 916 1803 eonsummatos
938 1751 1037 1804 orator
1056 1745 1112 1804 nisi

73 1893 75 1898 ,
106 1846 145 1888 ex
164 1835 289 1906 utroque
310 1826 373 1887 fleri
397 1835 512 1906 potest,
540 1824 692 1904 plurimum
717 1835 812 1886 tamen
833 1826 948 1886 reierre
973 1825 1112 1904 arbitror,

106 1929 192 1990 quam
207 1927 276 1970 esse
295 1912 324 1970 in
343 1909 400 1971 hoo
415 1910 484 1971 looo
507 1911 707 1988 quaestionem
727 1909 861 1969 velimus.
896 1909 969 1970 Nam
989 1913 1014 1970 si
1035 1911 1133 1990 partit

105 1993 235 2055 utrilibet
252 1994 366 2053 omnino
382 1993 502 2054 alteram
516 1992 663 2069 detrahas,
683 2001 782 2053 natura
799 1995 885 2053 etiam
899 1994 962 2054 sine
980 1993 1110 2055 doetrina

104 2077 222 2139 multum
237 2076 364 2154 valebit,
389 2077 520 2138 doctrina
534 2077 615 2137 nulla
632 2093 699 2136 esse
713 2079 775 2137 sine
792 2085 893 2138 natura
910 2079 1028 2156 poterit.
1060 2078 1110 2138 Sin

106 2179 144 2222 ex
159 2162 221 2241 pari
237 2171 356 2223 ooeant:
375 2163 404 2221 in
419 2160 614 2222 mediocribus
632 2161 746 2240 quidem
762 2162 895 2239 utrisque
909 2163 1000 2222 mains
1016 2161 1109 2223 adhue

106 2246 222 2307 oredam
241 2255 360 2306 naturae
385 2263 453 2305 esse
473 2254 663 2321 momentum,
693 2254 905 2306 eonsummatos
927 2254 1022 2305 autem
1043 2246 1109 2325 plus

105 2329 256 2391 doetrinae
271 2328 382 2390 debere
397 2346 481 2406 quam
496 2338 629 2405 naturae,
653 2327 775 2407 putabo;
799 2330 874 2389 siout
890 2338 987 2389 terrae
1003 2329 1109 2389 nullam

103 2412 284 2474 fertilitatem
299 2411 416 2472 habenti
432 2412 502 2473 nihil
518 2415 642 2490 optimus
659 2413 790 2488 agricola
811 2412 972 2491 profuerit,
998 2431 1014 2472 e
1030 2421 1108 2473 terra

104 2496 189 2557 uberi
209 2495 280 2555 utile
301 2494 409 2572 aliquid
428 2497 515 2555 etiam
535 2494 615 2554 nullo
637 2495 753 2560 oolente
775 2504 928 2571 naseetur,
951 2504 980 2555 at
995 2497 1024 2554 in
1042 2495 1108 2555 solo

103 2580 232 2642 ieoundo
246 2578 312 2658 pius
325 2578 420 2639 cultor
431 2594 515 2656 quam
529 2579 593 2656 ipsa
607 2595 661 2656 per
671 2596 705 2640 se
721 2577 835 2639 bonitas
851 2578 908 2639 soii
921 2579 1039 2638 efficiet.
1058 2576 1134 2654 Et,3

103 2668 129 2726 si
144 2663 306 2726 Praxiteles
326 2663 439 2740 signum
454 2660 571 2739 aliquod
593 2678 630 2719 ex
648 2663 750 2722 molari
771 2663 869 2740 lapide
886 2672 1006 2723 conatus
1029 2670 1109 2722 esset

105 2748 284 2827 exculpere,
308 2745 421 2808 Parium
438 2760 563 2804 marmor
586 2743 702 2804 mallem
727 2744 815 2813 rude:
840 2755 869 2805 at
893 2748 919 2806 si
938 2746 1009 2807 illud
1032 2735 1108 2808 idern

105 2831 211 2893 artifex
226 2829 406 2911 expolierat,
423 2827 489 2909 plus
503 2829 532 2887 in
546 2826 676 2888 manibus
691 2828 795 2890 fuisset
812 2825 896 2908 quam
906 2832 935 2890 ln
952 2848 1105 2892 marmore.

103 2915 237 2994 Denique
259 2924 360 2975 natura
379 2914 499 2974 materia
521 2912 671 2973 doetrinae
693 2923 752 2983 est;
774 2913 849 2974 haee
870 2914 968 2993 fingit,
990 2915 1040 2975 illa
1055 2915 1106 2974 lin·

102 3002 190 3078 gitur.
227 2997 305 3059 Nihil
325 3016 372 3059 ars
389 3000 452 3058 sine
467 2997 604 3073 materia,
626 2998 766 3059 materiae
782 3000 868 3060 etiam
882 3001 946 3060 sino
961 3008 1024 3060 arte
1038 3015 1105 3078 prs-

102 3085 174 3144 tium
191 3091 253 3158 est,
276 3100 322 3143 ars
340 3100 447 3143 summa
461 3083 582 3142 materia
597 3083 704 3161 optima
718 3084 832 3146 melion.

403 3229 450 3279 AN
469 3228 588 3281 VlR'l'US
606 3228 800 3282 RHETORIGE.

189 3324 255 3390 XX.
291 3324 345 3386 llla
361 3328 493 3404 quaestio
515 3335 562 3386 est
579 3328 686 3387 maior:
710 3345 747 3386 ex
765 3325 868 3386 mediis
886 3321 1010 3397 artibus,
1032 3337 1106 3400 qnae

102 3430 200 3491 neque
221 3409 333 3472 laudari
353 3426 408 3489 per
428 3428 464 3470 se
485 3426 541 3470 neu
561 3411 719 3489 vituperari
738 3415 860 3488 possunt
879 3405 933 3466 sed
955 3404 1042 3465 utiles
1058 3414 1107 3466 ant

102 3514 191 3558 seous
207 3493 365 3557 seeundum
379 3510 477 3554 mores
494 3495 632 3554 utentium
649 3494 729 3568 liunt,
748 3489 879 3552 habenda
894 3489 1105 3633 qiqrhetorioe',
