2608 3948
389 219 479 284 msr'.
492 233 642 283 curros.
655 235 724 282 urs.
737 235 788 300 111,
800 232 827 285 e.
1058 220 1117 286 119

113 399 211 473 potest
227 389 349 453 eundem
363 391 412 452 vel
427 397 628 451 accusatorem
643 387 743 450 lacere
760 391 808 451 vel
825 407 922 451 reum:
943 388 1003 464 Qui
1018 397 1116 454 artem

111 475 266 539 ludicrum
286 476 475 550 macnarii,
505 474 538 534 in
558 474 804 551 quattuordecim
825 476 936 553 primis
954 474 1116 537 ordinibus

111 573 151 622 rte
169 560 299 628 sedeat,-
322 559 371 638 qui
394 575 426 617 se
444 557 573 636 praetori
590 558 619 615 in
640 555 732 618 hortis
750 557 920 618 ostenderat
940 575 1037 637 neque
1053 567 1116 619 erat

111 644 282 723 productus,
300 641 399 702 sedit
390 658 419 701 ru
433 638 663 719 quattuordecim
678 640 836 702 ordinibus
866 639 979 720 Nempe
994 641 1114 706 intentio
1124 644 1158 698 19

111 736 173 788 est:
200 723 308 788 Artem
332 723 488 786 ludicram
510 725 696 793 exercuistis
718 724 869 804 depulsio:
899 722 967 788 Non
989 727 1117 790 ment

110 819 212 873 ortem
227 809 397 876 ludicram
417 808 567 887 quaestio:
591 803 674 879 (inid
686 808 727 869 sit
739 815 839 871 artem
852 809 1008 872 ludicram
1023 829 1115 873 eser

112 894 207 955 cera?
242 891 274 952 Si
296 891 480 953 accusabitur
504 889 638 951 theatrali
660 890 746 969 lege,
769 891 904 994 depulsio
928 895 983 954 erit
1005 896 1063 962 rei:
1090 893 1116 954 si

113 976 257 1037 excitatus
279 974 367 1036 fuerit
388 974 424 1037 de
442 972 619 1053 spectaculis
637 984 667 1034 et
687 978 954 1055 apenninarum,
979 976 1113 1057 depulsio

111 1059 168 1120 erit
182 1061 371 1121 accusatoris
408 1057 602 1138 Frequentius
620 1066 715 1119 tamen
732 1059 804 1121 illud
820 1061 950 1138 accidet,
974 1060 1051 1158 quod
1069 1067 1158 1124 estio

111 1161 128 1203 a
151 1142 280 1221 plurimis
306 1142 447 1204 traditum
479 1141 651 1219 llliugerunt
674 1141 727 1204 has
750 1145 937 1223 quaestiones
964 1145 1012 1222 qui
1033 1143 1115 1204 dixe·

111 1233 193 1302 runt,
216 1235 320 1287 statum
338 1244 405 1286 esse
421 1226 465 1302 id,
486 1225 564 1305 quod
579 1234 720 1305 appareat
735 1245 773 1288 ex
794 1228 953 1288 intentione
970 1236 999 1288 et
1014 1225 1115 1306 depul-

110 1311 212 1387 sione,
235 1319 265 1370 ut
289 1309 418 1386 Fecisti,
437 1271 506 1372 N’oe
523 1310 588 1389 feci
606 1317 654 1370 aut
669 1309 764 1373 liecte
782 1299 856 1390 feci
886 1310 1049 1373 Viderimus
1073 1319 1115 1371 ta·
1104 1321 1157 1375 ·tl

110 1411 192 1470 meu,
207 1402 301 1454 utrum
316 1393 345 1453 id
360 1395 397 1454 sit
415 1402 505 1454 status
520 1410 557 1454 an
572 1395 601 1454 in
616 1410 653 1455 eo
669 1401 771 1455 status
801 1393 996 1472 Hermagoras
1011 1403 1116 1456 statum

110 1486 214 1552 uocat,
237 1493 291 1555 per
314 1493 400 1557 quem
422 1476 553 1538 subiecta
574 1495 623 1538 res
637 1477 817 1556 intelligatur
839 1487 869 1539 et
888 1479 924 1540 ad
939 1496 1025 1558 quem
1047 1495 1115 1557 pro-

111 1561 245 1624 bationes
271 1562 358 1621 etiam
378 1560 501 1639 partium
525 1560 697 1623 referantur.
743 1559 850 1624 Nostra
874 1565 972 1642 opinio
997 1579 1116 1641 semper

111 1647 186 1709 lraec
209 1644 278 1707 luit:
303 1662 367 1707 cunr
389 1652 489 1706 esseut
504 1643 674 1724 irequenter
689 1647 717 1705 in
740 1663 828 1707 causa
844 1646 951 1708 diversi
967 1648 1114 1725 quaestio·

111 1739 301 1806 ramsteins,
321 1733 350 1790 iu
368 1746 404 1790 eo
424 1729 546 1790 credere
568 1737 700 1789 statum
718 1747 869 1806 causae,
894 1731 971 1810 quod
988 1738 1074 1790 esset
1086 1731 1116 1788 iu

112 1833 148 1876 ea
170 1815 401 1894 potentissimum
425 1821 453 1873 et
475 1814 504 1873 in
526 1828 584 1892 quo
605 1815 727 1874 maxime
750 1832 798 1874 res
819 1822 992 1876 verteretur
1036 1812 1069 1874 ld
1091 1813 1116 1874 si

113 1895 1115 1978 quispenerclemquaestionemveleopctpeuerolediceremalet:

113 1999 177 2043 cum
192 1981 250 2042 hoc
268 1979 336 2040 milri
350 1997 408 2041 non
424 1981 479 2040 erit
494 1997 606 2059 pugna,
628 1995 685 2039 uon
701 1981 808 2080 magis,
830 1997 914 2060 quarn
930 1981 955 2040 si
972 1979 1051 2042 aliud
1066 1977 1115 2040 ud·

113 2066 186 2142 hue,
211 2081 268 2144 quo
285 2065 360 2126 idem
375 2063 567 2142 intelligatur,
590 2065 652 2124 eius
666 2065 710 2124 rei
726 2080 830 2125 nomen
845 2065 1001 2140 invenerit,
1026 2080 1115 2145 quan·

113 2167 197 2229 quarn
214 2158 275 2210 tota
285 2147 452 2210 volumina
443 2166 471 2209 ru
487 2147 560 2210 hanc
576 2147 800 2226 disputationem
815 2148 991 2227 impendisse
1008 2147 1115 2208 multos
1234 2139 1244 2156 ‘

112 2235 216 2302 sciam;
238 2231 322 2294 uobis
338 2241 473 2294 statum
491 2232 548 2293 dici
563 2231 671 2311 placet.
703 2233 763 2294 Sed
779 2250 842 2294 curn
858 2234 887 2293 in
901 2231 966 2293 aliis
983 2230 1114 2292 omuibus
1124 2235 1157 2288 ti

111 2319 188 2378 inter
202 2319 364 2396 scriptores
379 2333 487 2376 summa
508 2314 653 2376 dissensio
671 2324 733 2392 est,
753 2324 811 2377 tum
831 2318 860 2376 iu
881 2314 939 2377 hoc
954 2318 1114 2393 praecipue

113 2398 229 2461 videtur
246 2398 313 2459 milri
334 2399 457 2459 sardium
475 2415 592 2478 quoque
613 2399 728 2460 diversa
744 2398 873 2463 tradendi
895 2398 1004 2466 iuisse;
1028 2398 1114 2474 adeo,
1207 2397 1210 2404 '

112 2501 169 2544 nec
187 2484 251 2562 qais
267 2500 402 2542 numerus
419 2499 475 2542 uec
496 2501 572 2562 quae
593 2485 722 2560 nomina,
746 2484 831 2562 quive
853 2481 1010 2558 generales
1029 2483 1115 2560 quive

113 2566 261 2647 speciales
278 2567 334 2626 sint
348 2574 455 2640 status,
480 2568 624 2627 convenit.
704 2624 707 2626 ,

200 2651 246 2711 Ac
262 2650 382 2729 primurn
399 2649 633 2710 Aristoteles
655 2650 842 2710 elementa
864 2645 991 2708 decem
1009 2648 1115 2708 consti·
1104 2657 1157 2713 -id

113 2735 183 2812 tuit,
208 2737 287 2796 circa
309 2751 383 2812 quae
403 2735 515 2794 versari
536 2734 669 2794 videatur
690 2734 780 2792 omnis
804 2733 947 2809 quaestio.
992 2719 1115 2810 Οὐσίαν,

114 2837 200 2900 quam
220 2819 339 2880 Plautus
360 2817 524 2880 essentium
542 2826 646 2893 vocat,
654 2834 764 2897 neque
786 2832 857 2877 saue
881 2815 959 2877 alind
984 2824 1028 2876 est
1054 2817 1116 2878 eius

113 2921 219 2965 nomeu
234 2902 379 2972 Latinum
398 2900 451 2963 sed
469 2918 503 2964 eu
520 2902 676 2981 quaeritur,
693 2917 729 2961 an
743 2896 802 2962 sitl
830 2899 1015 2976 Qualitatem
1035 2901 1116 2962 cuius

114 2997 233 3066 apertus
249 2985 416 3048 intellectus
437 2993 492 3046 est.
529 2985 736 3061 (inanitatem,
760 3003 835 3065 quae
856 2983 1011 3063 dupliciter
1031 3001 1115 3062 apo·

115 3069 290 3144 steriorilpus
311 3069 403 3132 divisa
425 3079 485 3146 est,
509 3087 592 3150 quam
614 3086 746 3147 magnum
768 3078 798 3130 et
819 3086 903 3149 ιιιιιι
922 3067 1041 3129 multum
1058 3061 1116 3125 sitl

116 3153 163 3214 Ad
183 3152 307 3232 aliquid,
329 3153 405 3214 unde
426 3152 510 3215 ducta
533 3162 578 3213 est
598 3152 747 3214 translatio
769 3162 798 3213 et
820 3152 1008 3232 comparatio.
1045 3148 1115 3209 Post
1123 3162 1157 3216 tl

115 3237 190 3298 haec
211 3235 267 3297 Ubi
294 3245 323 3295 et
344 3235 482 3310 Quaud03
503 3236 606 3298 deiude
629 3236 760 3312 Facere,
781 3236 859 3312 Pati,
882 3234 1015 3308 Habere,
1037 3232 1115 3310 quod

115 3330 163 3382 est
183 3322 265 3398 quasi
281 3327 417 3380 armatum
433 3336 517 3395 esse,
540 3321 674 3381 vestitum
695 3337 773 3382 esse.
806 3318 970 3380 Novissime
986 3317 1114 3392 κεῖσθαι,

116 3405 196 3484 quod
212 3412 256 3464 est
273 3404 464 3480 compositum
480 3419 546 3463 esse
564 3404 687 3482 quodam
707 3401 812 3478 modo,
833 3408 864 3462 ut
885 3399 1001 3476 calere,
1024 3408 1114 3476 stare,

116 3487 214 3548 irasci.
252 3486 312 3550 Sed
333 3503 372 3546 ex
386 3485 430 3546 luis
448 3485 577 3546 omnibus
595 3489 686 3566 prima
707 3492 844 3568 quattuor
858 3484 894 3546 ad
916 3492 1008 3546 status
1026 3485 1115 3564 perti·

1199 3551 1292 3684 al
