2570 3946
208 257 250 321 22
526 265 893 328 annosissimam

208 428 389 508 promiscua,
419 442 495 506 quae
521 425 670 502 epicoeno
694 421 843 498 dicuntur,
868 419 1046 498 ostenderit,
1064 422 1217 502 inquibus

209 530 298 574 sexus
320 519 444 589 uterque
459 525 515 588 per
529 507 652 568 alterum
666 514 803 585 apparet;
827 513 876 566 eut
891 522 966 583 qnae
983 503 1119 567 feminina
1135 509 1217 586 posi-

209 598 290 658 tione
304 611 399 655 mares
415 601 465 652 aut
479 590 603 652 neutrali
620 589 742 650 lerninas
758 588 936 668 significant,
958 586 1053 670 qualia
1068 600 1134 650 sunt
1146 587 1217 653 llu-

166 690 288 747 noreeo
302 687 332 739 et
351 677 534 758 Glycerium.
572 672 754 735 Scrutabitur
773 672 825 734 ille
844 681 1022 753 praeceptor
1036 690 1106 734 acer
1127 683 1218 754 atque

211 761 326 828 subtilis
353 762 482 839 origines
502 759 662 834 nominum,
691 775 765 837 quae
786 774 825 817 es
843 755 943 817 babitu
965 758 1100 835 eorporis
1118 757 1217 838 Rufos

210 847 389 926 Lonqorqne
409 843 556 912 lecerunt;
574 842 624 903 nbi
642 843 706 902 erit'
719 841 796 902 aliud
810 841 971 917 secretius,
994 839 1119 915 Sullae,
1135 839 1217 904 Bor-

210 933 277 1009 rbi,
294 927 428 1006 Galbae,
450 925 568 1004 Plano,
590 924 729 1004 Pansae,
749 923 866 988 Scauri
885 924 1029 1008 taliaque;
1048 934 1077 987 et
1093 943 1131 986 ex
1146 943 1217 988 casn

211 1015 404 1083 nascentium
423 1012 471 1074 bic
491 1009 633 1092 Aprippo
651 1019 681 1070 et
699 1007 804 1090 Opiter
820 1018 849 1070 et
871 1005 994 1072 Gordos
1012 1018 1041 1070 et
1056 1006 1219 1072 Postumus

212 1108 309 1168 erant;
330 1106 361 1158 et
378 1115 416 1157 ex
432 1097 483 1173 iis,
503 1113 578 1175 quae
596 1103 664 1175 post
682 1103 765 1155 natos
784 1094 938 1171 eueniant,
957 1094 1035 1155 unde
1057 1091 1215 1176 Vopiscus.

210 1183 270 1245 lam
293 1180 418 1259 Cottae,
441 1178 617 1260 Scipiones,
640 1177 810 1255 Laenates,
833 1175 949 1240 Sereni
969 1187 1036 1238 sunt
1058 1187 1087 1238 et
1108 1197 1146 1239 ex
1166 1197 1217 1239 ra-

168 1265 262 1329 atriis
283 1265 390 1328 causis.
428 1263 537 1327 Gentes
560 1280 678 1342 quoque
699 1279 735 1324 ac
757 1261 825 1322 loca
845 1271 874 1322 et
896 1261 952 1323 ella
973 1262 1062 1324 multa
1083 1262 1217 1341 reperias

210 1353 285 1412 inter
302 1350 446 1409 nominum
465 1365 578 1409 causas.
614 1346 648 1407 ln
666 1347 760 1406 servis
780 1347 836 1406 inm
854 1345 1001 1407 intercidit
1021 1345 1094 1408 illud
1109 1363 1216 1425 genus,

252 1434 290 1495 od
306 1431 466 1494 ducebatur
481 1449 498 1493 a
515 1431 647 1507 domino,
662 1431 738 1491 unde
753 1427 948 1509 Marcipores
965 1425 1215 1511 Publiporesque.

211 1453 339 1593 &ruerat
359 1518 460 1592 etiam,
483 1517 558 1576 sitne
577 1514 652 1595 apud
668 1512 798 1576 Graecos
816 1514 861 1574 vis
877 1513 1019 1593 quaedam
1035 1515 1112 1576 sexti
1129 1532 1218 1576 casus

212 1610 241 1662 et
256 1600 332 1681 apud
347 1617 401 1659 nos
418 1616 534 1680 quoque
550 1600 675 1678 septimi.
706 1596 779 1660 Nam
796 1614 860 1658 cunt
874 1598 940 1659 dico
956 1599 1047 1662 besta
1057 1601 1216 1678 percussi,

211 1701 270 1746 non
285 1693 352 1744 utor
370 1682 488 1744 ablativi
505 1691 619 1752 natura;
637 1699 709 1758 nec,
727 1684 752 1742 si
768 1681 843 1742 idem
858 1679 971 1744 craece
988 1682 1098 1759 dicam,
1117 1683 1217 1744 dativi.

168 1765 272 1831 tissi
293 1769 322 1829 in
343 1766 442 1828 verbis
465 1784 582 1846 qnoque
606 1767 669 1846 quis
693 1775 738 1826 est
758 1765 833 1826 adeo
856 1767 1022 1845 imperitus,
1048 1775 1079 1826 ut
1100 1769 1219 1846 ignoret

212 1869 322 1932 genera
338 1860 367 1912 et
382 1851 537 1930 qualitates
549 1860 579 1910 et
594 1865 736 1930 personas
750 1858 780 1910 et
791 1847 948 1910 numeros?
966 1847 1111 1912 Litterarii
1122 1868 1218 1930 paene

211 1939 267 1998 ista
288 1944 353 1997 sunt
375 1934 435 1996 ludi
457 1943 487 1995 et
507 1934 630 1996 trivialis
650 1934 801 1995 scientiae.
842 1931 902 1995 lam
924 1934 1064 2014 quosdam
1085 1935 1136 1996 illa
1157 1943 1216 1996 tur·

212 2019 335 2095 habunt,
354 2035 429 2098 quae
444 2017 685 2080 declinationibus
699 2034 757 2078 non
771 2026 914 2078 tenentur.
943 2016 1016 2079 Nam
1032 2027 1062 2079 et
1076 2019 1219 2098 quaedam
1271 2045 1272 2066 t

213 2103 366 2183 participia
385 2120 422 2162 an
439 2101 522 2162 verbi
542 2102 757 2181 appellationes
777 2101 849 2178 siut,
870 2099 993 2164 dubitari
1011 2112 1126 2182 potest,
1149 2104 1218 2183 quia

170 2199 205 2254 ns
214 2184 291 2248 alind
306 2185 364 2245 alio
379 2185 447 2246 loeo
462 2185 570 2261 valent,
585 2195 617 2246 ut
630 2187 741 2248 lectum
757 2195 786 2246 et
801 2187 937 2266 sepiens.
965 2185 1114 2262 Quaedam
1126 2186 1219 2248 verba

213 2268 458 2350 appellationibus
478 2268 597 2348 similia,
617 2279 648 2330 ut
661 2269 838 2350 fraudator,
860 2270 1001 2334 nutritor.
1025 2270 1084 2333 laur
1101 2273 1165 2334 iter
1185 2273 1220 2332 in

213 2353 372 2432 antiquom
387 2354 496 2415 aloem
510 2370 605 2414 nonne
621 2355 759 2434 propriae
773 2354 920 2416 cuiusdam
934 2356 1054 2417 rationis
1070 2352 1135 2416 estl
1154 2373 1219 2417 nam

213 2437 292 2517 qnod
303 2437 412 2496 initium
424 2439 486 2498 eius
498 2435 649 2500 invenias?
663 2440 710 2501 oui
721 2438 814 2500 simile
821 2435 923 2518 lictor.
940 2437 1109 2520 Accipimus
1121 2438 1218 2516 aliter,

201 2529 243 2602 ut
258 2521 414 2601 penditur
433 2523 552 2584 interea
574 2522 683 2586 domus
697 2524 908 2603 omrtipotentis
927 2519 1060 2604 Olympi,
1080 2523 1167 2585 aliter
1188 2534 1219 2584 ut

213 2607 282 2668 lolia
296 2620 394 2685 usque
413 2608 493 2669 odeo
508 2608 652 2671 turbetur
666 2608 762 2687 apris.
798 2605 853 2669 Est
874 2608 960 2668 etiam
981 2608 1095 2688 quidam
1115 2609 1220 2669 tertius
1269 2621 1270 2635 ³

213 2689 326 2767 modus,
345 2697 376 2749 ut
393 2690 469 2752 urbs
484 2691 652 2765 bobitotur,
671 2692 791 2754 undeet
808 2709 937 2772 compes
955 2694 1110 2770 metor,
1130 2709 1221 2756 mare

170 2775 389 2852 dioeoipotur.
423 2771 562 2837 Proreus
583 2793 700 2856 quoque
715 2793 750 2837 ac
764 2781 858 2856 potue
875 2775 1019 2837 diversum
1037 2775 1117 2837 ralet
1133 2794 1221 2856 quarn
1268 2783 1269 2834 3

214 2857 330 2918 indicat.
376 2855 473 2932 Quid?
501 2859 579 2938 quod
599 2860 687 2921 multa
707 2860 799 2922 verba
821 2875 880 2920 non
901 2867 993 2921 totum
1014 2858 1220 2925 declinationis
1268 2859 1269 2865 ’

215 2939 345 3002 ordinem
364 2939 477 3019 lerunt,
502 2943 642 3022 quaedam
665 2944 750 3005 etiam
774 2952 917 3005 mutantur
936 2953 970 3020 ,ut
988 2946 1058 3025 fero
1079 2947 1109 3006 in
1132 2963 1219 3026 prae-

214 3024 317 3100 terito,
341 3026 482 3103 quaedam
499 3030 604 3088 tertiae
624 3027 737 3089 demum
757 3044 903 3107 personae
923 3028 1017 3106 ligura
1034 3027 1169 3091 dicuntur
1188 3037 1221 3090 ut
1267 3057 1268 3095 t

213 3109 304 3184 licet,
324 3111 424 3188 pipel,
452 3112 593 3190 quaedam
614 3111 708 3172 simile
734 3112 867 3191 quiddam
892 3113 1038 3191 patiuntur
1064 3113 1221 3175 vocabulis

214 3209 289 3271 quae
304 3192 333 3252 in
349 3190 517 3256 adverbium
533 3191 703 3256 transeunti
726 3194 799 3258 Nam
814 3205 845 3257 ut
860 3203 951 3258 noctu
968 3205 997 3259 et
1012 3198 1067 3260 dio
1081 3199 1120 3259 ita
1133 3199 1222 3260 dieta
1266 3223 1267 3228 ¹

215 3276 362 3355 ellectu.
404 3277 476 3340 Sunt
499 3281 574 3341 enirn
593 3280 668 3341 baec
690 3297 808 3361 quoque
829 3278 920 3342 uerba
941 3281 1134 3360 participialia
1156 3282 1220 3361 qui·
1266 3267 1267 3323 l

215 3359 294 3438 dein,
315 3371 488 3424 nontamen
507 3363 575 3424 talia
592 3364 687 3443 qualia
707 3364 789 3428 dicto
804 3367 959 3446 sectoque.
1265 3441 1266 3454 χ

297 3526 334 3585 V.
382 3526 442 3588 lam
468 3546 531 3588 cum
558 3530 650 3590 omnis
677 3534 770 3594 oratio
798 3543 859 3594 tres
884 3531 991 3593 babeat
1015 3533 1158 3609 uirtutes,
1189 3541 1224 3593 at
1264 3591 1265 3604 ,

1258 3825 1264 3899 l
