2608 3948
373 207 462 256 mrsu.
479 206 628 256 onsnon.
647 208 716 254 nun.
732 208 789 274 111,
804 205 830 259 c.
1050 197 1108 259 129

110 364 139 422 in
156 378 192 422 eo
208 363 278 422 satis
295 369 340 422 est
351 351 514 424 ostendisse
527 362 733 438 coniecturam,
750 361 916 438 linitionem,
933 363 1108 441 qualitatem.

45 477 46 481 =
109 445 258 524 legalium
277 445 377 524 plures
404 447 460 506 sint
481 447 598 524 species
619 463 744 508 necesse
767 454 828 521 est,
854 455 1013 524 propterea
1034 448 1151 526 quotar

110 528 216 589 multae
231 538 296 589 sunt
308 528 392 605 leges
405 538 433 588 et
448 531 542 590 varias
554 528 661 608 hahent
672 527 790 590 formas.
816 528 882 591 Alia
895 539 940 590 est
953 531 1033 593 cuius
1044 549 1110 592 var·

109 613 155 674 bis
168 613 292 689 nitimur,
311 612 368 672 alia
386 613 467 672 cuius
484 612 644 688 voluntate,
659 613 731 674 alias
745 612 840 688 nohis,
857 631 921 676 cnm
933 615 989 694 ipsi
1002 615 1110 675 nullam

109 695 284 772 habeamus,
306 694 500 772 adiungimus,
523 695 594 756 alias
617 697 691 756 inter
707 715 740 756 se
756 714 972 776 comparamus,
994 697 1066 760 alias
1082 700 1111 758 in

109 781 257 842 diversum
272 779 504 856 interpretamur.
534 778 584 840 Sic
598 789 755 841 nascuntur
769 781 844 842 haec
858 780 938 843 velut
956 781 1154 847 simulacrum

110 881 149 924 ex
166 862 225 922 illis
240 861 348 938 tribus,
374 863 487 922 interim
509 862 651 942 simplicia
672 865 786 924 interim
808 873 838 925 et
859 866 946 926 mixta
963 867 1111 945 propriam

109 956 207 1007 tamen
221 945 326 1006 faciem
341 945 538 1023 ostendentia,
561 954 591 1007 ut
606 947 708 1026 scripti
725 957 755 1008 et
769 948 943 1025 voluntatis,
959 967 1034 1028 qnae
1048 950 1111 1012 sine

110 1029 198 1092 dnbio
214 1039 261 1089 aut
283 1030 420 1109 qualitate
444 1039 492 1092 aut
514 1031 681 1092 coniectura
704 1033 900 1100 continentur;
923 1041 952 1092 et
973 1033 1111 1112 syllogis-

109 1129 184 1190 mos,
201 1114 248 1193 qui
264 1122 310 1188 est
324 1115 445 1176 maxime
458 1113 617 1192 qualitatis;
635 1123 663 1174 et
682 1114 767 1192 leges
784 1116 956 1190 contrariae,
974 1134 1048 1195 qnae
1063 1118 1111 1176 iis·

110 1198 192 1274 dem,
217 1197 320 1276 quibus
342 1199 481 1278 scriptum
501 1205 530 1258 et
552 1197 703 1274 voluntas,
721 1206 866 1266 constant;
892 1203 921 1258 ιι
938 1193 1110 1278 ἀμφιβολία,

5 1309 7 1312 ·
111 1299 186 1361 quae
201 1299 318 1360 semper
334 1281 502 1342 coniectura
523 1282 695 1360 explicatur.
732 1279 837 1342 Finitio
858 1297 976 1361 quoque
997 1283 1155 1361 utriquest

110 1365 223 1443 generi,
244 1364 380 1443 quodque
397 1383 494 1425 rerum
510 1365 646 1444 quodque
661 1366 764 1444 scripti
780 1366 1027 1445 contemplatione
1043 1382 1112 1426 con-

111 1456 184 1524 stat,
206 1448 362 1508 communis
376 1456 429 1508 est.
464 1447 545 1508 llaec
560 1450 669 1525 omnia,
686 1451 798 1511 etiamsi
814 1451 842 1510 in
859 1449 926 1510 illos
941 1459 1002 1512 tres
1020 1458 1111 1510 status

111 1531 244 1591 veniunt:
261 1540 366 1608 tamen,
384 1533 450 1609 quia
466 1531 513 1610 (ut
527 1531 601 1611 dixi)
615 1531 722 1594 hahent
737 1533 845 1612 aliquid
856 1533 937 1594 velut
951 1534 1112 1613 proprium,

111 1615 245 1676 videntur
263 1614 485 1676 demonstranda
506 1615 700 1693 discentibus,
721 1626 751 1677 et
771 1618 991 1696 permittendum
1013 1635 1048 1677 ea
1072 1617 1112 1677 di-

113 1716 181 1760 cere
197 1698 246 1759 vel
264 1707 355 1758 status
373 1698 485 1776 legales
506 1699 555 1760 vel
578 1702 764 1778 quaestiones
785 1700 835 1760 rel
856 1703 951 1779 capita
973 1701 1113 1780 quaedam

112 1784 237 1851 minora:
253 1783 319 1844 dum
334 1782 436 1859 sciant,
453 1782 523 1843 nihil
538 1801 574 1844 ne
589 1786 618 1843 in
628 1784 672 1843 his
687 1785 804 1862 quidem·
820 1793 938 1862 praeter
953 1785 1018 1860 tria,
1038 1802 1112 1863 quae

112 1866 324 1946 praediximus,
344 1869 454 1944 quaeri.
485 1865 523 1926 At
540 1865 702 1940 Quantum?
718 1877 746 1927 et
762 1866 854 1941 Quam
870 1865 1008 1928 multum?
1025 1875 1054 1926 et
1068 1865 1155 1930 Anac

112 1949 221 2028 aliquid
236 1959 274 2025 et,
291 1957 322 2008 nt
335 1950 465 2011 nonnulli
481 1958 663 2029 putaverunt,
687 1952 900 2029 comparativus
916 1967 976 2010 non
992 1950 1114 2011 eandem

113 2035 256 2094 rationem
270 2033 391 2102 habent;
408 2042 473 2093 sunt
488 2034 563 2093 enim
577 2033 651 2094 haec
666 2050 723 2095 non
739 2035 774 2096 ad
788 2036 958 2096 varietatem
975 2034 1045 2095 inris
1061 2033 1114 2095 sed

113 2117 148 2178 ad
164 2116 256 2178 solam
271 2119 412 2178 rationem
427 2117 597 2194 referenda,
619 2119 745 2197 ideoque
771 2136 887 2198 semper
907 2120 935 2179 in
960 2126 1052 2197 parte.
1065 2125 1114 2178 aut

114 2203 298 2262 coniecturae
316 2211 363 2263 aut
384 2203 527 2280 qualitatis
548 2202 682 2280 ponenda
703 2211 785 2280 sunt,
807 2211 838 2262 ut
861 2202 924 2277 Qua
945 2197 1062 2263 mente?
1084 2208 1114 2260 et

114 2284 178 2359 Quo
195 2282 348 2363 tempore?
364 2295 393 2346 et
408 2285 472 2359 Quo
488 2283 577 2347 loco?

199 2367 258 2428 Sed
280 2369 316 2430 de
338 2369 460 2446 singulis
489 2369 616 2430 dicemus
639 2369 873 2449 quaestionibus,
901 2387 965 2431 cum
988 2373 1153 2430 tractarem

113 2457 273 2530 praecepta
288 2451 437 2511 divisionis
455 2454 648 2531 coeperimus.
678 2452 743 2513 lloc
758 2455 832 2513 inter
849 2469 949 2512 omues
966 2451 1112 2526 convenit,

114 2537 142 2594 in
159 2535 254 2594 causis
277 2533 455 2612 simplicibus
478 2534 609 2612 singulos
630 2544 722 2595 status
744 2554 811 2596 esse
835 2550 1001 2609 causarum,
1026 2551 1113 2613 quae·

114 2619 239 2678 stionum
262 2626 374 2693 autem,
405 2635 479 2696 quae
502 2619 583 2679 velut
604 2618 754 2680 subiacent
774 2619 819 2679 his
842 2627 871 2678 et
891 2617 927 2678 ad
950 2616 1032 2692 illud,
1056 2634 1113 2695 quo

112 2701 248 2762 indicium
262 2703 437 2777 continetur,
453 2701 629 2777 referuntur,
649 2719 739 2780 saepe
752 2703 781 2761 in
794 2718 879 2762 unam
893 2700 998 2761 cadere
1014 2700 1114 2778 plures

111 2801 219 2865 posse;
243 2786 353 2865 (etiam
369 2785 458 2847 credo
474 2785 628 2864 aliquando
644 2784 784 2862 dubitari,
810 2801 867 2864 quo
891 2793 967 2846 statu
982 2786 1020 2844 sit
1034 2793 1156 2849 men-92

114 2868 194 2946 dum,
222 2886 287 2930 cum
302 2869 441 2931 adversus
465 2887 549 2930 unam
564 2869 749 2929 intentionem
764 2869 847 2948 plura
865 2877 1062 2948 opponuntnr;
1085 2877 1115 2928 et

115 2953 190 3014 sicut
206 2955 235 3013 in
251 2953 353 3014 colore
370 2954 474 3015 dicitur
488 2953 676 3028 narrationis,
695 2968 759 3012 enm
776 2971 842 3014 esse
858 2955 1011 3032 optimum,
1030 2970 1115 3031 quem

115 3045 197 3096 actor
214 3039 322 3114 optime
338 3047 466 3100 tueatur:
490 3039 530 3097 ita
544 3035 592 3097 hic
608 3053 725 3114 quoqne
737 3053 826 3115 posse
842 3036 914 3112 dici,
932 3054 996 3096 enm
1011 3044 1116 3095 statum

116 3135 185 3180 esse
206 3118 383 3197 laciendum,
410 3122 439 3180 in
460 3138 517 3199 quo
542 3121 650 3181 tuendo
670 3119 823 3198 plurimum
843 3119 981 3182 adhibere
1014 3119 1116 3178 ririnm

115 3203 211 3281 possit
236 3211 348 3271 oraton
376 3203 502 3283 ideoque
532 3221 586 3283 pro
613 3203 721 3265 llilone
748 3204 825 3265 alind
854 3201 993 3264 Ciceroni
1018 3199 1158 3277 agentioa

115 3286 226 3366 placuit
248 3285 325 3346 aliud
346 3285 453 3363 Bruto,
483 3289 784 3351 cumexercitationis
805 3289 898 3364 gratia
927 3292 1116 3362 componeret

117 3370 290 3445 orationem,
309 3386 373 3428 cum
388 3368 439 3430 ille
454 3371 516 3430 iure
532 3378 666 3449 tanquam
680 3371 876 3431 insidiatorem
888 3369 1017 3430 occisum
1029 3375 1059 3426 et
1074 3374 1115 3426 ta-

117 3471 183 3514 men
198 3469 256 3513 non
270 3451 385 3513 llilonis
401 3453 525 3514 consilio
541 3452 664 3532 dixerit,
687 3454 738 3514 ille
754 3454 840 3513 etiarn
854 3452 995 3530 gloriatus
1011 3452 1048 3511 sit
1065 3466 1115 3511 oc·

158 3557 226 3598 ιι.ι.
239 3557 349 3606 ιιιιιιι.
932 3536 952 3598 9
985 3598 988 3604 ,
