2570 3946
389 215 479 266 rusa.
494 213 819 282 ornamentorum
1065 203 1106 268 65

99 381 202 435 natura
217 373 361 434 minimum
377 372 442 451 spei
456 370 587 446 dederit,
610 371 638 430 in
660 388 718 449 qua
733 371 879 448 ingenium
894 371 1000 432 iudioio
1021 389 1106 451 prae·

101 458 230 518 sumitur.
277 455 429 518 Materiam
456 473 524 516 esse
550 454 671 533 primum
698 454 768 515 volo
794 454 843 515 uel
868 454 1106 518 abundantiorem

98 549 189 620 atque
206 540 282 602 ultra
304 557 390 620 quam
412 547 548 620 oporteat
571 540 673 600 fusam
706 536 827 598 hiultum
849 539 915 600 inde
939 539 1107 620 decoquent

100 625 181 700 anni,
201 625 321 686 multum
336 624 411 684 ratio
428 623 554 698 limabit‚
571 622 680 702 aliquid
695 621 777 683 velut
790 640 844 682 usu
861 623 927 702 ipso
945 623 1105 702 deteratur,

99 711 137 769 sit
152 708 239 769 modo
255 707 331 768 unde
347 705 444 768 exoidi
460 707 555 786 possit
570 715 599 766 et
616 706 695 785 quod
717 706 849 785 exuulpi;
876 709 930 768 erit
946 718 1057 786 autem,
1080 709 1106 768 si

98 809 157 852 non
181 791 217 852 ab
238 793 318 852 initio
340 799 457 852 tenuem
481 791 597 851 nimium
619 791 750 852 laminam
778 790 943 851 duxerimus
970 801 999 853 et
1022 810 1107 872 quam

97 875 250 936 eaelatura
272 874 358 936 altior
378 883 501 954 rumpat.
542 874 627 949 Quod
650 892 696 934 me
712 872 750 935 de
771 873 817 935 iris
833 875 976 936 aetatibus
996 877 1133 942 sentires

98 961 192 1020 minus
207 960 372 1036 mirabitur,
389 960 439 1040 qui
456 959 532 1038 apud
548 956 723 1019 Oioeronem
738 958 861 1037 legerit:
882 957 955 1024 Volo
975 963 1055 1024 ιιιὲιιι
1072 979 1107 1022 aa

98 1043 208 1127 efferat
224 1045 258 1104 r'rr
278 1043 475 1107 udoleeoeute
492 1043 680 1122 fecunditas.

184 1127 402 1206 Quapropter
393 1145 422 1186 ιιι
443 1127 543 1207 primis
559 1127 710 1188 evitandus
733 1129 791 1188 et
783 1147 811 1187 ιιι
829 1129 928 1206 pueris
945 1129 1105 1208 praecipue

97 1212 237 1289 magister
255 1211 369 1288 aridus,
392 1227 450 1271 non
467 1212 559 1272 minus
579 1227 664 1290 quam
678 1212 787 1271 teneris
803 1211 897 1272 adhuo
919 1211 1025 1290 plantis
1048 1213 1104 1274 sio·

97 1313 163 1356 eum
180 1304 209 1356 et
224 1296 287 1354 sine
302 1295 424 1357 humore
439 1295 500 1355 ullo
518 1293 623 1354 solum.
654 1292 724 1354 lnde
739 1294 809 1356 dunt
824 1280 947 1357 humiles
965 1297 1060 1356 statim
1076 1299 1132 1356 etti

96 1379 178 1439 velut
193 1388 301 1439 terram
323 1386 510 1458 spectantes,
534 1379 582 1457 qui
602 1377 673 1438 nihil
691 1396 780 1458 supra
802 1377 977 1441 cotidianum
994 1395 1105 1441 sermo·

96 1480 165 1523 nem
187 1461 325 1523 attollere
350 1462 484 1523 audeant.
519 1460 630 1523 blaoies
652 1461 710 1522 illis
734 1479 788 1541 pro
810 1464 935 1525 sanitate
955 1472 985 1524 et
1008 1461 1106 1523 iudioii

96 1546 166 1607 loeo
184 1546 334 1606 infirmitas
351 1551 412 1620 est,
435 1553 464 1604 et
486 1544 552 1606 dum
575 1546 645 1606 satis
663 1553 765 1624 putant
784 1548 856 1608 vitio
878 1565 998 1623 carere,
1024 1547 1053 1607 in
1075 1547 1104 1608 id

95 1632 193 1709 ipsum
214 1629 340 1691 incidunt
360 1630 476 1704 vitium,
498 1630 576 1708 qaod
597 1628 750 1690 virtutibus
771 1641 881 1692 oarent.
914 1631 1012 1706 Quare
1035 1630 1104 1692 mihi
1205 1625 1209 1631 ’

95 1732 133 1774 ne
148 1714 298 1774 maturitas
320 1713 437 1794 quidem
452 1715 516 1792 ipsa
532 1713 669 1790 festinet,
693 1732 749 1775 neo
766 1725 860 1777 musta
875 1716 903 1775 in
924 1715 990 1776 lanu
1008 1716 1104 1775 statim

95 1807 214 1859 austera
230 1798 302 1867 sint;
322 1799 365 1858 sio
383 1807 413 1857 et
428 1813 518 1858 annos
534 1798 631 1859 terent
647 1807 676 1858 et
690 1806 837 1860 vetustate
852 1799 1017 1879 prodoient.

181 1879 246 1942 Neo
261 1880 332 1941 illud
350 1882 466 1960 quidem
483 1881 562 1961 quod
577 1880 784 1942 admoneamus
807 1883 953 1959 indignum
976 1891 1038 1958 est,
1062 1883 1103 1942 in·
1114 1887 1146 1939 to

95 1966 183 2044 genia
199 1982 356 2044 puerorum
376 1966 462 2025 nimia
483 1965 597 2025 interim
618 1964 828 2025 emendationis
851 1966 1011 2026 severitate
1032 1963 1103 2026 defi·

96 2067 182 2119 cerer
206 2059 318 2111 namet
340 2048 499 2128 desperant
517 2057 547 2109 et
566 2047 668 2110 dolent
691 2057 722 2110 et
741 2050 900 2110 novissime
918 2048 1044 2109 oderunt
1061 2057 1101 2126 et,

95 2133 175 2213 quod
190 2133 314 2194 maxime
326 2142 425 2210 mouet,
445 2133 511 2194 dum
523 2134 618 2193 omnia
633 2134 744 2210 timent,
761 2133 831 2195 nihil
844 2141 994 2196 oonantur.
1017 2132 1102 2208 Quod
1111 2141 1141 2192 lt

95 2219 183 2279 etiarn
205 2217 322 2278 rustiois
344 2227 442 2278 notum
465 2225 527 2294 est,
550 2219 599 2296 qni
616 2217 767 2278 frondibus
789 2220 900 2281 teneris
924 2235 982 2278 non
1002 2226 1103 2296 putant

95 2299 288 2364 adhibendam
307 2319 374 2362 esse
394 2300 518 2378 faloam,
542 2303 609 2379 quia
631 2301 824 2363 reformidare
838 2303 948 2364 ferrum
968 2301 1103 2362 uidentur

95 2394 126 2445 et
147 2385 273 2445 nondum
291 2386 459 2445 oioatrieem
478 2383 539 2463 pati
562 2401 663 2463 posse.
705 2385 850 2448 luoundus
873 2403 946 2464 ergo
969 2395 1027 2446 tum
1042 2391 1144 2445 malt

94 2468 173 2528 xime
189 2466 280 2527 debet
299 2484 368 2527 esse
388 2477 584 2547 praeceptor,
605 2477 636 2528 ut
659 2469 805 2546 remedia,
829 2487 909 2548 quae
927 2470 1037 2548 alioqui
1052 2487 1101 2530 na·

94 2562 160 2613 tura
176 2559 243 2610 suut
258 2567 374 2629 aspera,
391 2550 473 2612 molli
487 2569 571 2613 manu
587 2553 744 2622 laniantum
762 2553 881 2614 laudare
896 2551 1005 2631 aliqua,
1022 2552 1102 2612 ferre

11 2679 14 2688 .
95 2635 256 2716 quaedam,
280 2642 391 2695 mutare
409 2635 512 2710 etiam,
535 2636 649 2697 reddita
667 2654 719 2696 eur
734 2636 763 2697 id
778 2637 828 2697 liat
844 2637 974 2711 ratione,
996 2633 1101 2696 illumi·

94 2737 166 2780 nane
195 2717 411 2797 interponendo
433 2718 542 2797 aliquid
564 2719 618 2779 sui.
669 2718 880 2799 Nonnunquam
901 2718 959 2779 hoo
981 2734 1100 2799 quoque

95 2803 151 2864 erit
165 2801 249 2880 utile,
265 2804 360 2882 ipsum
375 2810 452 2864 totas
468 2801 579 2863 diotare
591 2804 738 2880 materias,
755 2820 828 2882 qnae
843 2812 873 2863 et
886 2803 1012 2863 imitetur
1027 2820 1102 2882 puer

94 2895 125 2948 et
139 2888 254 2948 interim
269 2896 405 2967 tanquam
422 2903 490 2948 suas
508 2896 594 2948 amet.
633 2885 670 2947 Et
687 2889 712 2947 si
728 2895 784 2948 tam
802 2887 956 2966 negligens
973 2887 1000 2948 ei
1016 2887 1142 2949 stilus13

93 2970 200 3047 luerit,
226 2979 258 3031 ut
279 2971 512 3033 emendationem
534 2987 592 3032 non
612 2972 751 3050 reeipiat:
780 2980 920 3052 expertus
943 2988 1005 3034 euru
1031 2988 1099 3051 pro·

95 3053 202 3130 desse,
232 3055 367 3134 quotiens
395 3055 519 3116 modern
542 3057 691 3116 materiam
716 3073 816 3119 rursus
840 3075 856 3118 a
879 3075 927 3118 me
949 3063 1099 3116 tractatam

94 3135 228 3197 seribere
243 3139 280 3199 de
296 3141 411 3218 integro
430 3138 577 3216 iuberem,
600 3159 692 3219 porse
712 3141 793 3203 euim
819 3160 887 3203 eum
909 3140 1015 3202 adhuc
1036 3157 1099 3198 ιιι-

92 3221 176 3291 lton
194 3230 335 3300 quatenus
350 3221 431 3284 nullo
446 3225 539 3300 magis
555 3224 650 3286 studia
665 3241 751 3304 ιιιιιι
766 3243 821 3304 spe
835 3223 974 3302 gaudent.
1003 3219 1100 3280 Aliter
1107 3228 1142 3281 lt

94 3313 192 3368 autem
206 3304 263 3365 alia
279 3313 360 3366 aetas
378 3306 558 3368 emendanda
577 3315 633 3387 est,
651 3316 682 3368 et
697 3326 751 3386 pro
769 3309 856 3370 modo
872 3307 974 3367 virium
990 3314 1020 3365 et
1035 3305 1097 3365 exi·

94 3389 221 3467 gendum
244 3398 273 3449 et
289 3389 494 3468 corrigendum
510 3407 593 3470 opus.
632 3389 771 3454 Solebam
794 3407 851 3468 ego
874 3389 975 3451 dioere
997 3389 1097 3467 pueris

92 3469 203 3554 aliquid
219 3473 296 3535 ausis
313 3472 447 3535 lieentius
464 3474 648 3553 anthedus,
665 3475 800 3538 laudare
815 3475 894 3538 illud
914 3491 962 3536 me
981 3473 1097 3550 adhue,

135 3578 199 3618 ιιι
213 3577 327 3628 omnen.
912 3558 931 3618 5
