2570 3946
173 179 214 241 'm
370 168 373 184 '
486 190 528 240 m.
542 190 620 238 uus.
634 188 855 249 nummorum

167 345 332 426 prudenter
352 345 474 408 dicenda
498 343 639 420 viderint,
669 344 725 406 iam
749 361 843 422 propo
870 352 1066 406 consummata
1089 342 1181 404 inerit

174 431 383 511 praecipientis
401 445 508 509 opero;
534 436 563 488 at
584 429 609 488 si
630 428 699 507 quid
717 430 879 490 erraverint
902 428 1012 504 adhuc,
1034 436 1119 488 eruut
1139 427 1179 492 ad

149 515 277 584 tducem
301 514 471 576 reducendi.
518 509 571 572 Cui
595 513 639 573 rei
663 511 757 572 simile
781 512 917 591 quiddam
938 511 1084 573 iacientes
1105 529 1178 574 oses

173 599 328 674 ceruimus,
344 615 420 678 quae
436 596 547 658 teneris
563 596 741 675 inlirmisque
752 595 863 658 ietiltus
878 595 961 658 cilios
977 611 1030 656 ore
1045 611 1099 656 suo
1116 595 1179 658 col·

172 683 248 744 latos
262 683 437 762 partiuntur;
456 689 486 740 at
504 697 568 742 cum
583 681 637 739 visi
652 689 719 740 suut
734 679 834 756 adulti,
851 679 968 758 paulum
983 679 1086 758 egredi
1103 679 1179 740 nidis

172 775 203 827 et
229 764 441 828 circumvolare
468 764 570 828 sedem
596 763 675 824 illem
704 763 921 842 praecedentes
947 764 1030 841 ipsse
1057 763 1179 840 docent,

171 860 231 912 tum
254 858 393 928 expertas
418 850 497 909 vires
519 847 614 908 libero
638 847 726 910 coelo
749 865 880 928 suaeque
904 849 1034 927 ipsorum
1054 847 1179 910 dduciae

172 935 350 1013 permittunt.

525 1084 573 1136 ol:
594 1083 825 1136 no1sc1trtoo.

255 1179 318 1241 Vll.
351 1179 426 1241 lllud
443 1199 481 1240 ex
496 1181 708 1243 consuetudine
723 1181 888 1243 mutandum
905 1197 1026 1259 prorsus
1044 1178 1178 1238 existimo

173 1267 202 1324 in
227 1265 288 1341 luis,
316 1266 352 1327 de
377 1263 482 1344 quibus
507 1283 582 1326 nunc
609 1265 808 1341 disserimus,
821 1263 984 1341 aetatibus,
1009 1281 1046 1322 nc
1071 1260 1178 1337 omnia,

173 1367 249 1429 quae
264 1349 452 1428 scripserint,
470 1348 603 1411 ediscant
616 1357 646 1408 et
661 1359 753 1426 certa,
769 1358 800 1409 ut
815 1349 904 1410 moris
920 1357 983 1426 est,
1000 1348 1048 1411 die
1064 1346 1177 1412 dicant;

173 1433 252 1512 quod
276 1433 393 1511 quidem
409 1432 534 1494 maxime
551 1441 650 1512 patres
673 1435 793 1513 exigunt
820 1441 909 1513 atque
925 1434 965 1495 ita
986 1432 1101 1494 demum
1118 1437 1177 1488 stu·

172 1517 245 1578 dere
267 1514 379 1578 liberos
401 1533 488 1590 suos,
516 1517 541 1576 si
566 1534 652 1596 quam
675 1516 913 1598 frequentissime
936 1513 1178 1588 declamaveriut,

145 1600 318 1676 aoreduut,
338 1617 403 1662 eum
418 1599 572 1680 proiectus
595 1602 754 1681 praecipue
776 1602 926 1680 diligentia
947 1607 1073 1662 constet.
1106 1595 1180 1658 Nam

172 1693 204 1745 ut
224 1683 358 1746 ecrilsere
382 1701 491 1764 pueros
514 1685 727 1764 plurimumque
748 1703 817 1746 esse
839 1687 868 1766 in
887 1685 945 1746 luoc
969 1701 1063 1765 opere
1090 1681 1178 1762 plane

172 1769 279 1832 uelim:
312 1770 356 1832 sic
385 1770 521 1830 ediscere
547 1769 665 1830 electos
692 1788 731 1830 ex
760 1769 939 1830 orationibus
969 1767 1019 1830 uel
1048 1765 1178 1830 historiis

106 1889 110 1900 ·
173 1855 270 1915 aliove
284 1871 342 1934 quo
357 1871 469 1932 genere
484 1854 637 1931 dignorum
652 1872 687 1915 ea
701 1871 769 1914 cura
784 1852 959 1916 voluminum
975 1853 1071 1928 locos,
1088 1849 1177 1910 multo

146 1939 263 2017 tnagis
280 1938 429 2000 suadeam.
461 1936 534 1998 Nam
556 1948 585 2000 et
607 1936 795 2000 exercebitur
815 1940 911 1999 acrius
927 1937 1067 2000 memoria
1083 1934 1179 1996 aliena

174 2021 398 2101 complectendo
423 2039 509 2102 quom
530 2039 597 2090 sua;
626 2023 725 2101 etqui
749 2030 832 2084 eruut
852 2023 882 2084 in
902 2020 1070 2084 difficiliora
1093 2018 1177 2080 huius

172 2105 283 2167 laboris
299 2122 411 2182 genere
435 2106 561 2181 versati,
586 2107 649 2166 sine
664 2105 816 2183 molestis,
840 2124 916 2186 quoe
932 2106 989 2186 ipsi
1004 2119 1177 2184 composue-

173 2191 243 2264 rint,
269 2189 325 2248 iam
338 2188 509 2250 familiarius
529 2190 624 2250 animo
640 2207 693 2250 suo
711 2189 847 2269 alligant,
871 2200 901 2251 et
915 2196 1089 2252 assuescent
1104 2187 1177 2268 opti·

172 2274 226 2334 mis
249 2290 427 2350 semperque
448 2271 597 2334 habebunt
619 2275 694 2334 intra
713 2292 763 2350 se,
788 2276 867 2354 quod
887 2275 1047 2342 imitentur;
1071 2279 1101 2333 et
1123 2273 1178 2332 iam

172 2373 230 2417 nou
245 2357 406 2418 sentientes
421 2356 543 2418 iormsm
566 2359 705 2419 orationis
728 2359 824 2435 illam,
848 2376 934 2439 quam
949 2366 1046 2420 mente
1062 2356 1178 2436 penitus

148 2442 360 2521 successerint,
386 2443 560 2519 expriment.
598 2441 793 2504 Abundabunt
808 2452 904 2505 autem
921 2443 1007 2522 copis
1022 2439 1180 2502 verborum

173 2527 345 2604 optimorum
367 2534 398 2586 et
414 2526 627 2605 compositione
650 2535 680 2587 et
695 2528 795 2606 liguris
817 2528 872 2588 iam
888 2544 945 2587 uon
963 2526 1102 2606 quaesitis
1123 2521 1181 2584 sed

173 2619 279 2689 sponte
294 2619 326 2670 et
341 2629 380 2670 ex
397 2611 529 2689 reposito
545 2611 627 2672 velut
643 2612 780 2673 tluesauro
796 2629 830 2672 se
846 2609 1048 2673 offerentibus.
1080 2608 1179 2670 Acce-

173 2695 214 2754 dit
228 2693 274 2756 luis
288 2703 318 2754 et
329 2694 452 2756 iucunda
468 2696 497 2754 in
510 2711 646 2756 sermone
660 2695 737 2756 bene
749 2714 765 2757 a
778 2712 902 2776 quoquc.
914 2695 1057 2758 dictorum
1072 2690 1180 2754 relatio

174 2779 246 2838 etin
258 2780 354 2838 causis
369 2778 457 2838 utilis.
486 2777 558 2840 Nam
574 2788 604 2840 et
620 2780 686 2860 plus
703 2781 883 2842 auctoritatis
899 2778 1023 2840 aderunt
1039 2796 1086 2852 ea,
1102 2791 1180 2856 quae

173 2879 232 2922 uon
246 2863 412 2940 praesentis
427 2863 521 2940 gratia
539 2863 597 2923 litis
613 2873 679 2924 sunt
696 2873 883 2943 comparata,
909 2874 939 2924 et
954 2862 1070 2924 laudem
1085 2875 1180 2939 saepe

148 2947 312 3010 smaiorem
335 2963 420 3025 quam
441 2949 466 3006 si
486 2957 586 3010 nostra
609 2949 666 3008 sint
691 2947 859 3009 conciliant.
891 2947 1059 3026 Aliquando
1077 2954 1181 3008 tomen

174 3030 414 3110 permittendum,
436 3049 512 3110 quae
532 3033 590 3112 ipsi
605 3031 792 3110 scripserint,
816 3032 932 3109 dicere,
955 3040 987 3091 ut
1003 3030 1113 3094 loboris
1133 3027 1182 3088 sui

174 3115 299 3175 fructum
315 3115 401 3176 etiam
422 3133 460 3175 ex
481 3116 553 3192 illa,
573 3134 649 3195 quae
665 3116 788 3176 maxime
806 3118 929 3196 petitur,
953 3116 1038 3177 laude
1054 3114 1181 3194 plurium

175 3199 298 3276 capiant.
329 3197 438 3260 Verum
453 3201 482 3260 id
500 3216 617 3279 quoque
639 3207 697 3258 tum
713 3199 776 3258 lieri
793 3199 957 3279 oportebit,
982 3217 1047 3260 cum
1069 3196 1182 3278 aliquid

175 3283 354 3344 commodius
374 3283 574 3357 elimaverint,
596 3291 626 3342 ut
648 3299 684 3341 eo
706 3283 788 3344 velut
803 3286 933 3364 praemio
957 3282 1044 3345 studii
1065 3283 1109 3344 sui
1126 3281 1180 3344 do-

173 3375 277 3428 nentur
291 3385 326 3428 ac
341 3385 375 3428 se
393 3367 551 3442 meruisse,
568 3372 599 3424 ut
614 3366 764 3444 dicerent,
781 3367 938 3448 gaudeant.
