2570 3946
174 199 216 262 bd
486 212 523 260 n.
546 209 624 259 sse.
648 207 869 270 consummar
911 183 913 188 ’

174 366 229 427 bus
250 366 327 427 euris
347 364 436 428 buras
458 360 635 446 partiamur?
658 380 722 423 oum
743 363 916 441 praesertim
938 363 1051 424 reliciat
1070 364 1186 426 animos

174 467 211 511 ac
231 457 349 528 reparet
362 451 489 510 varietas
505 449 585 527 ipsa,
615 455 777 524 contraque
798 447 835 506 sit
863 446 1011 525 aliquante
1032 446 1185 508 difficilius

174 535 203 594 in
224 532 327 595 labore
345 551 402 594 uno
421 549 625 611 perseverare.
669 529 741 590 Ideo
760 539 790 590 et
813 529 898 590 stilus
917 529 1045 591 lectione
1064 533 1182 611 requie-

147 618 246 694 escit,
269 625 299 678 et
320 619 412 697 ipsius
435 616 570 677 lectionis
592 615 719 676 taedium
747 613 861 674 vicibus
883 612 1009 675 levatur.
1053 613 1183 688 Quamli-

174 700 225 763 bet
246 701 336 762 multa
362 700 524 778 egerimus,
549 698 674 778 quodam
694 707 791 758 tamen
812 696 899 758 modo
924 705 1062 758 recentes
1083 715 1185 758 sumus

175 782 259 845 adid
279 784 356 862 quod
377 783 537 862 incipimus.
584 782 655 856 Quis
675 798 733 842 non
746 781 865 842 obtundi
881 789 998 860 potest,
1023 783 1048 842 si
1069 799 1123 860 per
1137 791 1184 842 to-

174 876 234 928 tum
255 866 331 926 diem
354 868 552 946 cuiuscunque
575 867 645 927 artis
666 883 751 926 unum
770 866 938 943 magistrum
962 862 1058 927 leuati
1090 865 1183 926 liuta·

175 951 254 1010 tione
277 950 457 1012 recreabitur
478 953 554 1011 sicut
569 951 598 1011 in
613 949 703 1026 cibis,
727 967 849 1028 quorum
869 948 1037 1010 diversitate
1054 950 1185 1010 relicitur

146 1035 341 1096 istomacbus
370 1043 400 1094 et
428 1033 560 1114 pluribus
589 1034 700 1094 minore
724 1033 841 1094 fastidio
864 1033 959 1094 alitur.
1003 1032 1063 1093 Aut
1085 1033 1185 1094 dicant

174 1115 325 1196 isti'mibi,
349 1119 424 1196 quae
442 1120 480 1178 sit
501 1118 559 1179 alia
575 1119 650 1178 ratio
667 1116 808 1178 discendi.
851 1115 1043 1179 Grammatico
1059 1117 1116 1177 soli
1132 1117 1183 1177 de-

174 1203 351 1278 serviamus,
384 1201 489 1264 deinde
514 1210 686 1280 geometrae
712 1210 836 1262 tantum:
875 1202 1039 1262 omittamus
1069 1202 1184 1261 interim

175 1284 425 1366 quoddidicimus;
438 1303 506 1346 mox
518 1294 697 1345 transeamus
706 1284 742 1345 ad
750 1285 905 1344 musicum:
919 1285 1056 1345 excidant
1066 1286 1182 1363 priora;

175 1378 205 1430 et
227 1387 291 1430 cum
302 1369 409 1430 Latinis
423 1368 601 1429 studebimus
615 1369 739 1445 litteris,
755 1386 814 1429 non
833 1369 1025 1447 respiciemus
1041 1369 1078 1428 ad
1093 1367 1182 1430 Grae-

176 1470 241 1522 cas;
265 1461 311 1529 et,
333 1462 365 1512 ut
390 1452 483 1513 semel
506 1452 612 1528 liniam,
646 1450 717 1514 nibil
738 1451 878 1513 iaciamus
898 1453 954 1512 nisi
975 1447 1182 1512 novissimumi

146 1533 233 1600 tCur
253 1553 311 1597 non
332 1537 408 1596 idem
431 1535 585 1596 suademus
601 1536 755 1612 agricolis:
778 1555 816 1596 ne
833 1554 902 1597 arva
917 1536 1002 1596 simul
1025 1544 1055 1595 et
1081 1536 1183 1596 vineta

175 1628 204 1692 et
218 1621 301 1680 oleas
324 1628 354 1679 et
370 1620 517 1680 arbustum
536 1619 649 1689 colant;
673 1638 710 1679 ne
732 1621 823 1698 pratis
842 1629 873 1679 et
893 1618 1051 1697 pecoribus
1067 1627 1097 1678 et
1113 1619 1183 1680 bor·
1274 1681 1275 1688 ,

174 1703 211 1762 tis
228 1713 258 1764 et
280 1704 444 1784 alvearibus
467 1703 626 1782 avibusque
642 1703 863 1764 accommodent
886 1698 1002 1762 curam?
1044 1697 1102 1763 Gur
1124 1703 1184 1781 ipsi

174 1785 281 1866 aliquid
298 1788 463 1848 forensibus
481 1789 625 1866 negotiis,
648 1785 758 1866 aliquid
775 1785 927 1846 desideriis
943 1785 1112 1861 amicorum,
1129 1787 1182 1846 ali-

175 1871 243 1948 quid
265 1873 425 1933 rationibus
441 1872 625 1947 domesticis,
653 1870 760 1949 aliquid
782 1888 870 1931 curae
891 1869 1037 1950 corporis,
1051 1869 1182 1931 uonnibil

172 1955 370 2035 voluptatibus
386 1957 493 2016 cotidie
515 1951 638 2017 damus?
667 1973 787 2033 quarum
810 1972 864 2015 nos
883 1973 939 2015 una
961 1971 1010 2015 res
1033 1952 1183 2032 quaelibet

102 2091 108 2102 .
173 2038 244 2099 nibil
268 2041 490 2100 intermittentes
512 2039 659 2117 fatigaret.
705 2039 789 2098 Adeo
814 2038 929 2098 facilius
957 2047 1002 2098 est
1024 2037 1113 2098 multa
1138 2037 1181 2098 la·

176 2139 246 2181 cere
265 2139 350 2198 quam
370 2123 427 2182 diu.

147 2213 166 2268 8
259 2203 334 2265 lllud
361 2204 477 2282 quidem
499 2203 613 2266 minime
636 2205 794 2266 verendum
813 2213 876 2280 est,
906 2223 943 2264 ne
967 2204 1097 2266 laborem
1121 2212 1181 2265 stu·

173 2289 285 2349 diorum
304 2289 388 2367 pueri
409 2287 555 2348 difficilius
571 2289 708 2363 tolerent,
732 2289 922 2369 nequeenim
944 2289 1005 2351 ulla
1027 2297 1109 2350 aetas
1128 2289 1179 2347 mi·

173 2390 226 2432 nus
247 2372 393 2450 fatigatur.
438 2371 540 2432 Mirum
554 2374 591 2432 sit
614 2372 746 2446 forsitan,
770 2373 823 2432 ded
841 2374 1049 2452 experimentis
1073 2371 1179 2451 depre-

145 2455 293 2520 9bendas.
337 2454 410 2515 Nam
433 2463 462 2516 et
485 2454 628 2518 dociliora
647 2465 713 2516 sunt
738 2456 870 2535 ingenia,
895 2459 1062 2535 priusquam
1089 2454 1180 2517 obdu·

172 2548 300 2601 ruerunt.
342 2539 377 2610 ld
393 2541 442 2601 vel
461 2540 519 2601 boc
537 2549 707 2618 argumento
721 2549 818 2619 patet,
837 2543 914 2620 quod
933 2543 1006 2601 intra
1022 2540 1179 2616 biennium,

174 2642 260 2704 quam
285 2624 376 2684 verba
407 2633 489 2685 reete
517 2624 644 2685 formare
672 2633 844 2702 potuerunt,
877 2626 1008 2706 quamvis
1034 2625 1115 2684 nullo
1138 2625 1179 2686 in·

174 2716 288 2784 stante,
312 2709 489 2769 omniafere
514 2708 684 2787 loquuntur;
710 2717 739 2770 at
764 2710 887 2770 noviciis
908 2710 1014 2771 nostris
1034 2727 1089 2788 per
1109 2717 1181 2786 quot

174 2805 265 2852 annos
281 2807 378 2851 serino
397 2791 514 2852 Latinus
536 2792 695 2871 repugnat!
739 2792 833 2870 Magis
855 2795 951 2870 scias,
975 2795 1000 2852 si
1017 2811 1104 2872 quem
1123 2793 1180 2852 iam

172 2874 322 2935 robustum
342 2875 493 2935 instituere
515 2876 618 2936 litteris
642 2879 798 2955 coeperis,
827 2893 885 2936 non
912 2879 975 2938 sine
990 2951 992 2955 ι
1008 2895 1096 2937 causa
1122 2876 1180 2935 dici

171 2958 368 3036 παιδομαθεῖς
391 2975 460 3035 eos,
487 2959 536 3037 qui
562 2961 592 3019 in
614 2977 666 3020 sua
696 2960 823 3038 quidque
846 2967 908 3020 arte
929 2962 1037 3040 optime
1060 2961 1177 3021 iaciant.

131 3041 209 3124 lolli
230 3043 387 3121 patientior
402 3051 448 3102 est
467 3042 576 3103 laboris
596 3053 697 3104 natura
714 3045 813 3123 pueris
831 3061 916 3122 quam
934 3044 1096 3106 iuvenibus.
1127 3043 1178 3102 Vi-

172 3127 291 3203 delicet,
314 3136 346 3187 ut
367 3144 493 3207 corpora
516 3129 662 3189 infantium
682 3146 738 3188 nec
755 3145 859 3205 casus,
888 3147 946 3208 quo
964 3130 1113 3188 interram
1133 3135 1178 3186 to·

171 3209 246 3271 tiens
269 3211 454 3288 deferuntur,
477 3221 534 3273 tam
553 3214 682 3290 graviter
703 3211 824 3272 afflictet
848 3230 905 3274 nec
927 3212 978 3273 illa
1003 3231 1057 3291 per
1076 3227 1178 3273 manus

172 3303 202 3356 et
230 3313 325 3373 genua
352 3298 478 3376 reptatio
502 3314 558 3356 nec
585 3304 653 3374 post
679 3295 770 3355 breve
799 3305 913 3375 tempus
942 3298 1068 3357 continui
1096 3296 1178 3356 lusus

171 3387 201 3439 et
226 3381 314 3446 totius
336 3380 393 3440 diei
417 3381 581 3456 discursus,
605 3377 806 3458 quia-pondus
833 3381 892 3440 illis
923 3379 1007 3441 abest
1027 3399 1083 3440 uec
1108 3395 1178 3439 sese

170 3463 227 3528 insi
248 3472 386 3542 gravam:
408 3465 453 3524 sic
467 3464 552 3524 animi
572 3480 708 3543 quoque,
731 3463 838 3540 credo,
857 3465 924 3544 quia
940 3465 1052 3523 minore
1070 3469 1177 3524 conatu
