2608 3948
398 227 400 232 ·
426 219 515 270 mss.
530 219 679 270 onsnou.
695 221 763 269 nm.
777 222 823 288 1v,
836 221 862 273 1.
1084 211 1143 270 157

146 393 215 438 casu
231 373 306 436 laedi
323 383 431 452 potest.
465 374 511 435 Ad
527 392 642 436 causam
659 384 742 436 extre
759 377 905 454 pertinent
922 384 1052 455 tempus,
1070 376 1184 444 audeat

143 460 316 539 principium
337 475 392 538 pro
415 455 533 526 Gaelic;
555 458 654 535 locus,
678 458 754 520 unde
768 475 823 537 pro
839 457 995 527 Deiotaro;
1018 459 1143 537 habitus,

143 541 219 603 unde
241 558 295 622 pro
315 538 440 611 hiilcne;
471 543 585 620 opinio,
609 542 685 604 uude
708 545 736 602 in
760 541 897 612 Verrem;
927 542 1084 622 deinceps,
1107 562 1145 604 ue

143 628 238 688 omnia
255 642 433 702 enumerem,
452 625 567 688 iufamia
579 626 758 704 iudiciorum,
776 629 943 706 expectatio
959 626 1057 706 vulgi:
1074 626 1145 688 nihii

143 712 219 771 enim
229 710 338 772 horum
355 712 384 770 in
399 727 488 772 causa
504 719 564 785 est,
581 710 617 770 ad
635 729 751 772 causam
766 720 861 772 tamen
876 712 1030 789 pertinent.
1063 711 1186 780 Adii-ne

143 795 183 854 cit
198 793 417 872 Theophrastus
434 793 469 855 ah
488 797 619 854 oratione
637 796 825 874 principium,
843 794 929 874 quale
943 796 1059 857 videtur
1075 813 1143 855 esse

143 875 348 938 Demosthenis
372 894 425 957 pro
449 874 655 956 Ctesiphonte,
678 887 709 938 ut
730 878 785 939 suhi
800 879 900 939 dicere
915 895 968 938 suo
986 881 1084 959 potius
1100 897 1144 939 ar-

143 960 230 1021 bitrio
247 959 334 1022 liceat
348 962 478 1039 rogantis
495 978 580 1041 marn
592 977 629 1022 eo
644 962 742 1039 modo,
759 980 845 1042 quem
860 964 975 1024 actione
991 971 1147 1024 accusator

144 1047 376 1124 praescripserit.
414 1043 534 1106 Fiducia
555 1047 619 1124 ipsa
644 1044 722 1106 solet
743 1047 879 1124 opinione
903 1049 1087 1124 arrogantiae
1104 1046 1188 1116 la-aa

124 1128 258 1190 horare.

226 1210 349 1274 Faciunt
376 1213 508 1274 favorem
535 1221 565 1273 et
590 1213 641 1274 ilie
666 1229 760 1291 paene
787 1213 946 1272 communia
973 1224 1147 1278 nontamen

144 1296 317 1372 omittenda,
338 1297 387 1357 vei
410 1297 477 1359 ideo
501 1313 538 1356 ne
556 1305 751 1375 occupentur,
768 1303 889 1374 optare,
906 1294 1080 1372 abominari,
1098 1315 1145 1358 rc·

143 1398 233 1457 gare,
252 1380 411 1440 sollicitum
431 1399 537 1458 agere;
564 1383 630 1460 quia
652 1381 825 1460 plerumque
847 1388 1027 1440 attentum
1048 1381 1146 1442 iudi·

145 1481 222 1522 cem
238 1463 323 1538 iacit,
340 1465 365 1522 si
379 1481 429 1524 res
445 1467 492 1542 agi
507 1464 620 1525 videtur
635 1481 724 1539 nova,
741 1480 861 1542 magna,
878 1473 979 1540 atrox,
996 1465 1146 1542 pertinens

145 1547 181 1608 ud
198 1545 380 1625 exemplum,
403 1549 563 1628 praecipue
579 1556 690 1625 tamen,
713 1549 739 1607 si
760 1548 850 1608 iudex
870 1556 919 1608 aut
940 1553 993 1608 sue
1015 1551 1081 1608 vice
1098 1558 1147 1609 aut

143 1629 326 1709 reipublicae
351 1641 565 1708 commovetur,
588 1633 670 1692 cuiu‘s
689 1634 798 1692 animus
819 1650 892 1711 spe,
908 1640 1001 1705 metu,
1019 1631 1145 1706 admoni-

143 1715 234 1790 tione,
252 1713 401 1796 precihus,
418 1715 545 1776 vanitate
563 1715 699 1794 denique,
718 1718 742 1776 si
757 1716 786 1776 id
797 1715 978 1794 profuturum
991 1714 1144 1791 credimus,

143 1797 295 1876 agitandus
325 1807 379 1858 est.
429 1798 501 1859 Sunt
528 1807 558 1859 et
581 1797 631 1858 ilia
653 1798 813 1859 excitandis
837 1798 873 1858 ad
894 1797 1067 1858 audiendum
1089 1809 1187 1862 nonas

143 1881 271 1956 inutilia,
296 1883 321 1941 si
336 1898 390 1940 nos
405 1899 500 1961 neque
519 1881 567 1941 diu
583 1890 747 1942 moraturos
763 1897 859 1960 neque
876 1887 959 1940 extra
973 1898 1089 1941 causam
1105 1882 1145 1941 di-

145 1969 243 2024 cturos
262 1965 435 2024 existiment.
474 1964 608 2025 Dociiem
624 1967 686 2025 sine
698 1965 786 2026 duhio
802 1973 832 2025 et
847 1964 922 2025 haec
937 1965 999 2042 ipsa
1016 1974 1147 2043 praestat

143 2049 280 2118 attentio;
298 2050 351 2110 sed
368 2058 397 2108 et
412 2047 494 2125 illud,
512 2049 536 2107 si
552 2047 683 2109 breviter
700 2055 730 2110 et
745 2048 873 2109 dilucide
883 2065 1019 2108 summam
1037 2050 1092 2124 rei,
1109 2049 1145 2109 de

142 2150 199 2212 pua
215 2148 400 2210 cognoscere
418 2131 536 2209 dehent,
553 2133 786 2210 indicaverimus,
804 2133 882 2213 qued
898 2131 1042 2193 Homerus
1058 2142 1145 2212 atque

140 2214 290 2294 Vergilius
317 2233 438 2294 operum
460 2233 578 2278 suorum
599 2218 750 2298 principiis
775 2217 893 2278 iaciunt.
921 2215 1011 2276 'Nam
1035 2219 1059 2277 is
1085 2219 1186 2280 ciusai

140 2301 185 2358 rei
200 2298 302 2359 modus
320 2308 375 2374 est,
393 2309 425 2360 ut
441 2302 635 2379 propositioni
657 2301 780 2362 similior
794 2302 831 2361 sit
849 2318 933 2379 quam
955 2301 1145 2377 expositioni;

140 2399 198 2440 nec
224 2380 370 2462 quomodo
395 2384 521 2462 quidque
543 2385 581 2443 sit
602 2393 697 2446 actum
720 2385 773 2445 sed
791 2385 828 2444 de
847 2383 949 2463 quihus
965 2383 1094 2443 dicturus
1110 2384 1147 2442 sit

142 2471 259 2538 orator,
284 2464 428 2524 ostendat.
473 2465 537 2526 Nec
557 2468 659 2544 video,
682 2466 760 2547 quod
780 2466 864 2527 huius
888 2468 931 2528 rei
954 2468 1049 2544 possit
1070 2466 1146 2543 apud

142 2555 278 2607 oratores
301 2549 425 2625 reperiri
448 2549 550 2609 meiius
574 2550 740 2629 exemplum
764 2565 849 2628 mam
871 2547 1022 2609 ciceronis
1038 2565 1092 2626 pro
1109 2549 1145 2606 Α.

141 2627 293 2692 Cluentio:
310 2628 533 2708 Animadverti,
548 2635 678 2710 iudices,
693 2651 813 2695 ornnem
828 2634 1023 2694 coenatoris
1032 2634 1146 2694 orato-
1155 2644 1188 2699 36

140 2735 210 2778 nen
228 2717 260 2777 in
285 2716 367 2778 doce
392 2715 523 2777 dinisam
555 2734 621 2778 esee
644 2723 773 2795 partes,-
801 2731 933 2794 quornm
952 2717 1148 2778 niteremini

140 2801 231 2862 inniti
255 2809 286 2862 et
311 2817 498 2880 mapncpere
523 2800 678 2878 confidere
701 2799 865 2861 videbatur
887 2801 1005 2862 invidia
1022 2803 1084 2862 ione
1098 2803 1146 2861 in-

139 2891 280 2947 oeterctn
294 2885 405 2946 indicii
415 2881 556 2961 Iuniani,
578 2885 680 2947 altera
697 2884 904 2946 tantummodo
919 2887 1147 2948 consuetudinis

141 2985 241 3031 consa
269 2970 375 3030 dende
405 2976 432 3030 et
462 2968 640 3048 diffidenter
667 2969 817 3047 uttinpere
841 2970 989 3032 rationem
1007 2968 1147 3046 veneficii

141 3052 319 3130 criminum,
337 3067 405 3130 ¹pecu
433 3053 474 3115 de
494 3071 530 3115 re
555 3053 621 3131 lece
644 3061 690 3114 est
714 3054 792 3114 haec
813 3056 951 3132 quaestio
971 3055 1144 3116 constituta.

140 3133 173 3195 ld
197 3143 293 3195 tamen
315 3144 407 3195 totum
428 3137 617 3216 respondenti
638 3136 752 3197 facilius
778 3146 822 3197 est
846 3155 930 3217 quem
958 3135 1143 3215 proponenti,

141 3219 209 3296 quie
237 3219 284 3279 hic
311 3219 507 3280 admonendus
535 3220 623 3280 iudex
648 3219 710 3280 illic
735 3221 883 3281 docendus
911 3229 966 3280 est.
1013 3217 1076 3278 Nec
1098 3224 1186 3278 metti

141 3318 306 3382 quanquam
326 3305 421 3380 magni
442 3312 578 3364 auctores
600 3305 629 3363 iu
649 3304 707 3365 hoc
729 3304 880 3378 duxerint,
899 3312 930 3362 ut
950 3319 1007 3362 non
1029 3318 1146 3379 semper

140 3385 242 3446 iacere
259 3394 397 3447 attentum
413 3403 449 3448 ac
466 3386 591 3448 docilem
607 3388 732 3448 iudicem
742 3387 843 3455 velim;
859 3404 916 3446 non
927 3388 993 3465 quia
1004 3385 1143 3460 nesciam,

140 3468 170 3530 id
185 3471 265 3550 quod
287 3469 323 3532 ah
343 3470 401 3532 iltis
419 3471 536 3549 dicitur,
564 3489 631 3532 esse
647 3489 701 3551 pro
717 3470 792 3532 mala
809 3487 912 3548 causa,
933 3469 1025 3549 quetis
1043 3486 1077 3531 ea
1095 3469 1143 3546 sit,
