2578 3946
413 253 828 318 mss.osan0n.u1u.1‚5.
1084 243 1123 304 29

11 395 13 404 ¹
118 414 242 496 patrium
257 425 311 489 pro
328 410 500 489 possessivo
517 409 620 470 dicitur
633 408 684 468 vel
702 417 813 470 contra.
835 407 907 471 Nam
922 411 1031 487 vitium,
1048 411 1166 492 quodao
1233 459 1238 466 .

119 499 151 559 lit
169 515 223 577 per
238 495 425 576 quantitatem
440 501 471 552 ut
483 511 627 572 mappam
639 493 839 572 peculiolurn,
859 503 943 553 erunt
960 494 1008 572 qui
1027 494 1124 555 soloe·

120 585 240 642 cismum
258 587 379 658 putent,
400 578 467 656 quia
486 594 541 656 pro
560 577 676 637 nomine
697 579 812 656 integro
834 579 961 655 positum
980 579 1017 638 sit
1035 577 1124 639 demi·

117 675 225 726 nutum.
249 663 316 740 Ego
330 661 441 735 dubito,
452 678 490 721 an
502 661 530 722 id
540 661 741 741 improprium
752 663 849 740 potius
864 660 1022 740 appellem,
1035 665 1123 740 signi-

118 749 256 810 ficatione
278 747 354 806 enim
374 745 505 813 deerrat;
531 744 698 805 soloecismi
720 761 811 823 porro
830 747 930 806 vitium
951 762 1009 806 nou
1031 756 1077 807 est
1095 750 1126 808 iu

118 851 209 894 sensu
226 830 279 891 scd
300 831 329 889 in
348 828 513 908 complexu.
549 828 581 888 ln
599 831 752 908 participio
775 846 830 909 per
850 847 943 907 genus
966 839 995 890 et
1015 840 1165 908 assumit

118 925 151 976 ut
172 912 382 989 invocabam,
406 931 460 992 per
482 920 631 991 tempora,
654 922 685 973 ut
706 914 734 972 in
754 912 866 989 verbo,
889 931 943 993 per
964 932 1123 991 numerum,

119 1011 152 1060 ut
173 1002 360 1077 mutuoque,
383 1006 531 1076 peccatur.
569 995 732 1058 Pronomen
753 1014 871 1077 quoque
893 1016 1003 1077 genus,
1027 1017 1124 1059 nume-

119 1103 198 1160 rum,
219 1099 303 1145 casus
318 1081 422 1158 habet,
442 1098 518 1160 quae
536 1083 629 1142 omnia
644 1082 788 1160 recipiunt
802 1080 965 1142 huiusmodi
983 1099 1123 1144 errorem.

118 1167 206 1228 Fiunt
224 1165 392 1228 soloecismi
407 1174 436 1225 et
451 1165 567 1244 quidem
583 1166 697 1244 plurimi
713 1182 767 1243 per
780 1173 881 1243 partes
898 1167 1053 1236 orationis;
1072 1166 1168 1229 sedi&

119 1251 149 1312 id
171 1251 287 1312 tradere
310 1251 380 1311 satis
399 1265 457 1308 non
479 1258 540 1324 est,
561 1267 598 1308 ne
619 1251 659 1308 ita
681 1248 795 1310 demum
814 1249 913 1309 vitium
935 1267 1003 1310 esse
1024 1249 1126 1311 credat

118 1331 205 1414 puer,
228 1337 253 1394 si
274 1349 328 1412 pro
351 1333 417 1409 alia,
436 1342 560 1393 conatur
580 1333 649 1408 alia,
670 1341 701 1392 ut
715 1331 846 1409 verbum,
865 1332 1038 1394 ubinomen
1058 1353 1126 1395 esse

95 1418 273 1497 debuerit,
295 1417 346 1477 vel
367 1416 550 1492 adverbium,
575 1417 624 1477 ubi
650 1433 825 1495 pronomen,
849 1425 878 1477 et
901 1417 1015 1479 similia.
1054 1417 1168 1480 Nam49

121 1499 196 1562 sunt
209 1501 351 1580 quaedam
372 1509 516 1577 cognata,
540 1509 571 1560 ut
592 1501 704 1576 dicunt,
725 1501 754 1560 id
774 1510 820 1560 est
839 1502 975 1563 eiusdem
993 1504 1124 1580 generis,

121 1587 151 1644 in
172 1585 291 1664 quibus,
318 1583 440 1662 quialia
457 1585 559 1662 specie
582 1603 666 1664 quam
683 1594 801 1664 oportet
820 1594 932 1662 utetur,
957 1589 1126 1647 conminus

121 1687 208 1748 quam
225 1671 290 1748 ipso
310 1685 421 1746 genere
442 1677 605 1747 permutato
624 1668 788 1748 deliquerit.
822 1669 895 1731 Nam
916 1677 946 1730 et
966 1690 1008 1733 aa
1028 1680 1058 1730 et
1073 1679 1169 1734 catto

121 1754 340 1813 coniunctiones
359 1761 439 1827 sunt,
459 1752 536 1814 male
550 1761 646 1814 tamen
662 1755 846 1830 interroges,
866 1755 917 1816 bic
932 1762 987 1816 aut
1001 1754 1054 1817 ille
1067 1757 1127 1822 citt

121 1847 151 1897 et
173 1857 212 1900 ne
232 1855 268 1898 ao
284 1855 345 1899 oon
361 1835 514 1903 adverbia:
536 1839 584 1916 qui
602 1845 696 1897 tamen
718 1836 795 1897 dicat
810 1854 864 1914 pro
885 1836 936 1897 illo
959 1859 1001 1900 ne
1013 1839 1128 1917 seceris

119 1941 182 1984 coc
201 1921 331 2000 feceris,
359 1921 387 1979 in
406 1921 481 1980 idem
503 1921 609 1981 incidat
629 1923 745 1995 vitium,
771 1923 838 1999 quia
859 1919 983 1982 alterum
1001 1922 1128 1998 negandi

122 2015 169 2066 est
190 2004 313 2065 altarum
337 2003 462 2065 vetandi.
504 2003 568 2064 lloc
586 2003 717 2084 amplius
737 2005 818 2066 intro
839 2013 868 2064 et
890 2006 973 2066 intus
993 2005 1054 2068 loci
1076 2005 1125 2068 ad·

120 2089 237 2165 verbio,
252 2107 288 2150 eo
300 2096 394 2148 tamen
408 2090 491 2149 ictus
506 2095 536 2148 et
550 2090 632 2150 intro
647 2108 714 2150 sum
728 2088 897 2149 soloecismi
914 2096 988 2150 sunt.
1016 2088 1126 2151 Eadem
1135 2099 1167 2150 51

121 2176 151 2233 in
173 2173 340 2233 diversitate
364 2174 580 2251 pronominum,
603 2173 852 2249 interiectionum,
876 2174 1126 2253 praepositionum

122 2258 265 2318 accidunt.
304 2255 358 2317 list
377 2258 462 2317 etiam
479 2255 672 2318 soloecismus
688 2259 717 2318 in
731 2259 865 2318 oratione
888 2259 1124 2338 comprehensio·
1209 2293 1213 2302 ·

122 2343 166 2401 nis
186 2343 269 2402 unius
292 2343 474 2419 sequentium
494 2358 529 2402 ac
548 2342 676 2419 priorum
696 2343 773 2402 inter
794 2360 827 2401 se
845 2344 1053 2404 inconvenieus
1073 2360 1125 2421 po·

121 2427 202 2485 sitio.
243 2423 392 2497 Quaedam
410 2434 504 2485 tamen
527 2434 556 2484 et
573 2423 678 2486 faciem
696 2424 867 2486 soloecismi
887 2425 995 2488 habeut
1016 2436 1046 2488 et
1068 2426 1169 2488 dictos

121 2509 229 2568 vitiosa
244 2523 303 2567 nou
316 2517 455 2586 possunt,
478 2518 508 2568 ut
523 2511 685 2588 trapoeda'a
702 2508 845 2589 prectcs
863 2517 892 2569 et
907 2511 974 2571 ludi
987 2508 1127 2572 Floralia

122 2610 159 2653 ac
178 2587 367 2670 deputasse,
390 2609 551 2670 quanquam
570 2591 644 2653 haec
666 2595 799 2672 sequenti
820 2601 953 2670 tempore
972 2593 1126 2654 intercide·

121 2685 188 2737 runt
208 2692 352 2753 nunquam
371 2674 456 2734 aliter
471 2693 488 2734 a
505 2675 653 2735 veteribus
674 2676 760 2737 dicta.
793 2673 959 2738 Scbemato
974 2679 1062 2755 igitur
1075 2694 1126 2738 uo·

121 2759 317 2834 minabuntur,
332 2757 533 2838 frequentiora
549 2759 664 2837 quidem
679 2759 756 2838 apud
771 2767 875 2837 poetas
894 2761 947 2822 sed
962 2762 1126 2824 oratoribus

123 2861 242 2924 quoque
257 2845 409 2922 permissa.
434 2841 543 2903 Verum
557 2843 674 2904 schema
688 2842 752 2904 iere
768 2843 886 2905 babebit
901 2845 1025 2926 aliquam
1038 2849 1169 2910 ratio-53

122 2946 205 3005 nem,
224 2936 255 2988 ut
273 2925 442 2989 docebimus
458 2944 511 3004 eo,
533 2945 619 3009 quem
634 2927 722 3007 paulo
737 2937 804 2990 ante
825 2931 1026 3008 promisimus,
1045 2931 1124 2992 loco.

124 3012 183 3073 Sed
204 3011 262 3072 hoo
282 3029 416 3091 quoque,
446 3011 523 3090 quod
542 3012 667 3074 sebenno
684 3023 823 3088 vocatur,
850 3015 875 3074 si
899 3013 935 3074 ab
955 3016 1054 3094 aliquo
1073 3033 1127 3093 per

123 3096 342 3175 imprudentiam
360 3096 467 3156 iactum
487 3097 557 3171 erit,
578 3095 749 3157 soloecismi
769 3099 840 3157 vitio
862 3115 920 3159 uon
939 3098 1058 3159 carebit.
1094 3097 1126 3156 ln
1135 3102 1169 3154 54

125 3180 227 3240 eadem
246 3181 347 3258 specie
366 3180 502 3241 suntsed
520 3179 668 3240 schemate
687 3192 801 3257 carent,
821 3190 852 3240 ut
872 3199 960 3260 supra
980 3181 1054 3258 dixi,
1074 3197 1125 3239 no·

123 3265 198 3324 mina
218 3263 367 3339 feminina,
389 3262 492 3341 quibus
513 3281 607 3324 mares
630 3274 763 3341 utuntur,
787 3274 816 3324 et
838 3265 993 3336 neutralia,
1020 3263 1124 3342 quibus

125 3346 258 3407 feminae.
287 3346 432 3407 Hactenus
448 3347 485 3407 de
499 3347 686 3410 soloecismo.
717 3348 820 3426 Neque
836 3349 911 3406 enim
927 3356 1017 3408 artem
1030 3366 1125 3427 gram·

125 3431 256 3491 malicum
271 3447 448 3509 componere
463 3433 597 3509 aggressi
611 3451 724 3507 sumus,
739 3431 798 3490 ¹sed
814 3447 878 3489 cum
897 3431 925 3489 in
939 3432 1068 3492 ordinem
1083 3435 1125 3492 in·

129 3523 272 3593 curreret,
294 3514 492 3575 inhonoratam
513 3515 635 3575 transire
654 3514 807 3574 noluimus.
