2608 3948
421 241 859 309 rusu.ousr0n.n1e.1v,1.
1084 231 1142 294 155

15 457 18 460 .
140 419 224 476 eum,
247 399 326 478 qnod
346 407 376 458 et
396 396 462 458 deri
477 416 543 457 cum
558 395 644 457 modo
661 396 750 457 debet
765 404 796 457 et
807 407 853 459 est
867 407 963 460 tamen
981 399 1056 478 parti
1072 399 1141 459 utri·

16 511 18 518 ,
140 503 198 566 que
215 497 381 550 commune:
407 482 462 544 sed
481 484 506 540 si
526 481 641 542 laudem
665 481 728 540 eins
744 481 780 541 ad
796 482 948 543 utilitatem
966 499 1073 544 causae
1090 497 1142 542 no·

137 579 217 631 strae
235 567 486 640 coniunxerimus,
514 573 546 625 ut
566 564 728 642 allegemus
748 582 803 644 pro
823 565 955 628 honestis
976 566 1143 644 dignitatem

138 654 287 727 ibiscum,
305 666 359 730 pro
376 648 531 710 humilibus
550 649 704 724 iustitiam,
724 666 780 728 pro
794 649 961 710 infelicibus
979 651 1143 710 misericor·

138 737 224 813 diam,
242 751 296 814 pro
312 734 403 795 laesis
418 735 606 794 severitatem
624 741 654 792 et
668 732 800 793 similiter
816 743 926 794 cetera.
959 732 1058 794 biores
1074 739 1184 812 quo-li

139 837 214 900 que,
231 821 256 878 si
274 818 337 878 deri
354 825 469 896 potest,
488 817 590 878 iudicis
605 816 693 877 veiim
712 831 810 877 nosse.
842 816 916 879 Nam
932 826 1020 897 prout
1035 817 1144 896 asperi,

138 904 240 977 lenes,
257 901 390 978 iucundi,
407 919 530 979 graves,
546 901 619 977 duri,
636 901 752 960 remissi
765 910 867 975 eruut:
886 910 935 962 aut
950 919 1100 963 assumere
1117 903 1146 960 in

140 1002 257 1048 causam
277 995 395 1047 naturas
418 1002 534 1062 eorum,
560 1003 616 1064 qua
641 994 826 1064 competent,
848 995 897 1046 aut
915 986 1066 1064 mitigare,
1089 1003 1146 1063 qua

139 1069 357 1150 repugnabant,
375 1069 532 1148 oportebit.
569 1069 686 1130 Accidit
700 1067 801 1130 autem
812 1069 926 1130 iuterim
941 1069 1000 1132 boc
1018 1086 1146 1150 quoque,
1155 1075 1189 1131 18

139 1165 171 1216 ut
185 1164 235 1216 aut
249 1153 334 1215 nobis
349 1154 483 1214 inimicus
497 1159 546 1214 ant
566 1153 742 1213 adversariis
758 1154 795 1213 sit
809 1155 936 1231 amicus,
959 1155 1008 1233 qui
1024 1153 1145 1221 indicat;

140 1255 215 1319 quae
237 1255 287 1298 res
309 1237 424 1316 utrique
445 1239 521 1318 parti
539 1235 689 1297 mactanda
713 1245 759 1296 est
780 1254 816 1297 ac
835 1239 939 1298 neseio
961 1253 997 1297 an
1015 1238 1101 1296 etiam
1119 1237 1147 1297 ei

139 1323 248 1404 magis,
265 1324 294 1382 in
313 1338 398 1400 quarn
416 1321 555 1383 nummo
564 1320 750 1400 propensior.
781 1317 836 1381 Est
852 1319 928 1380 enim
945 1335 1147 1400 nonnunquam

140 1421 248 1486 prasus
263 1404 312 1466 bic
327 1403 461 1482 ambitus,
478 1405 619 1466 adversus
635 1405 745 1465 amicos
761 1414 809 1467 aut
824 1421 878 1483 pro
896 1403 958 1482 bis,
976 1403 1147 1486 quibuscum

141 1488 303 1550 simultates
322 1496 443 1566 gerant,
470 1488 673 1566 pronuntiandi
692 1487 877 1568 faciendique
900 1488 1021 1566 iniuste,
1045 1506 1082 1548 ne
1104 1488 1147 1549 ie·

142 1574 220 1634 cisse
238 1572 401 1634 videantur.
436 1571 576 1633 'Fuerunt
598 1573 684 1633 etiarn
704 1571 819 1652 quidam
833 1589 933 1634 rerum
945 1590 1061 1633 suarum
1075 1572 1147 1633 iudi·
1156 1581 1190 1635 19

142 1674 203 1719 ees.
251 1651 325 1717 Noni
348 1665 378 1716 et
404 1655 432 1716 in
459 1655 541 1717 libris
570 1654 813 1717 obseruationum
844 1674 861 1717 a
888 1657 1031 1735 Septimio
1061 1655 1147 1716 editis

141 1741 260 1803 affuisse
282 1735 456 1802 ciceronem
475 1740 527 1801 tali
548 1757 655 1828 causae
675 1741 811 1817 invenio,
836 1747 867 1802 et
889 1757 946 1817 ego
971 1755 1025 1819 pro
1044 1741 1147 1818 regina

141 1823 284 1886 berenice
304 1825 381 1904 apud
401 1826 494 1903 ipsam
516 1842 580 1885 eam
597 1841 714 1884 causam
729 1825 798 1885 dixi.
843 1823 952 1884 Similis
968 1823 1017 1884 bic
1029 1839 1147 1904 quoque

1 1956 3 1974 .
91 1985 95 1992 Ι
141 1907 429 1989 superioribusratio
447 1914 502 1968 est.
534 1907 728 1968 Adversarius
742 1909 816 1968 enim
828 1906 962 1968 fiduciam
973 1909 1065 1987 partis
1076 1924 1147 1967 suae

142 1995 242 2069 iactat,
259 1999 398 2072 pabonus
413 1994 497 2052 timet
512 1993 721 2070 cognoscentis
737 1991 953 2052 verecundiam.
989 1989 1191 2054 Praetereabo

142 2076 320 2139 detrahenda
338 2076 388 2136 uei
403 2076 597 2138 confirmanda
614 2076 723 2154 opinio,
740 2077 765 2136 si
782 2093 867 2156 quam
884 2076 1045 2156 praecipue
1061 2075 1147 2136 domo

142 2160 289 2222 videbitur
304 2161 392 2222 iudex
406 2161 551 2222 attulisse.
582 2159 677 2221 letus
694 2161 781 2222 etiam
795 2177 997 2239 nonnunquam
1014 2169 1059 2220 est
1070 2176 1148 2220 amo·

142 2245 272 2320 sendus,
297 2252 329 2304 ut
350 2242 457 2306 Cicero
479 2262 534 2325 pro
547 2244 673 2321 Milone,
697 2262 735 2306 ne
757 2262 836 2306 arma
850 2243 982 2324 Pompeii
1006 2243 1148 2324 disposita

144 2338 247 2390 contra
268 2342 301 2388 ee
316 2337 466 2407 putarent,
488 2328 646 2398 laborarit;
670 2345 873 2409 nonnunquam
899 2327 1096 2403 adhibendus,
1118 2336 1150 2387 ut

143 2412 221 2472 idern
242 2413 271 2470 in
285 2409 408 2472 Verrem
429 2413 507 2473 iacit.
553 2412 613 2473 Sed
633 2409 788 2473 adhibendi
811 2411 915 2473 modus
932 2411 1007 2471 alter
1022 2410 1073 2471 ilie
1089 2409 1191 2472 ire-21

147 2509 238 2575 quens
260 2502 289 2554 et
310 2494 496 2556 iarorabiiis:
524 2515 563 2556 ne
586 2497 667 2557 mole
693 2497 805 2557 sentiat
827 2495 961 2575 populus
982 2493 1149 2570 monus,

144 2599 185 2640 ne
198 2579 317 2640 iudicio
338 2580 587 2657 trecassenorum,⁸
609 2578 686 2638 alter
703 2585 800 2639 autem
819 2585 954 2656 asperet
970 2593 1070 2653 rarus,
1092 2593 1150 2656 quo

146 2665 269 2723 minatur
297 2663 441 2740 corruptis
464 2663 702 2738 accusationem,
732 2669 762 2722 et
785 2661 815 2723 id
840 2660 956 2741 quidem
976 2660 1005 2718 in
1026 2659 1149 2722 consilio

146 2745 288 2826 ampliore
310 2753 457 2827 utcunque
479 2747 582 2815 tutius;
611 2761 676 2806 nam
699 2754 730 2806 ct
750 2741 818 2806 maii
839 2742 1004 2806 inhibentur
1026 2754 1056 2805 et
1082 2744 1150 2806 boui

145 2830 289 2910 gaudent:
312 2829 390 2909 apud
411 2829 542 2908 singulos
568 2845 640 2890 vero
655 2845 799 2908 nunquam
815 2829 972 2905 suaserim,
999 2829 1054 2888 nisi
1069 2827 1149 2890 deie-

69 2941 77 2954 ·
147 2916 240 2976 cerint
263 2916 367 2974 omnia.
413 2913 499 2987 Quod
523 2914 548 2973 si
569 2915 732 2974 necessitas
757 2913 865 2991 erigit,
887 2927 945 2972 non
966 2910 1021 2974 erit
1042 2915 1098 2974 iam
1114 2921 1192 2974 exne

147 2999 365 3075 armenteria,
382 3013 440 3059 non
455 2999 546 3076 magis
563 3013 647 3077 qnam
662 2996 832 3078 appellare,
852 2996 966 3058 etiamsi
982 2997 1011 3060 id
1033 3011 1150 3077 optoque

148 3098 240 3160 saepe
256 3083 328 3142 utile
344 3087 400 3159 est,
413 3091 471 3160 aut,
488 3091 642 3161 autequam
656 3083 838 3161 pronuntiet,
856 3097 939 3142 reum
954 3082 1070 3148 iacere;
1086 3091 1150 3140 uam

149 3173 180 3224 et
193 3165 294 3225 minari
309 3175 339 3228 et
355 3165 473 3227 deterre
490 3167 576 3226 etiarn
591 3181 652 3225 non
664 3173 763 3227 orator
777 3175 887 3246 petest.

233 3248 264 3309 Si
286 3251 374 3310 caasa
396 3249 568 3310 conciliandi
590 3247 674 3310 nobis
694 3249 797 3311 iudicis
822 3249 971 3310 materiam
992 3243 1089 3321 dabit,
1113 3256 1192 3309 exii

147 3330 203 3392 bac
219 3334 400 3418 potissimum
415 3333 512 3412 aliqua
526 3333 554 3392 ia
568 3351 651 3393 usum
666 3335 817 3416 principii,
841 3349 915 3413 quae
930 3329 1054 3390 maxime
1068 3325 1150 3389 iuro·

147 3415 252 3478 rabilia
266 3416 456 3494 ridebuntur,
479 3417 600 3496 decerpi
619 3417 776 3498 oportebit.
822 3413 888 3489 Quo
903 3415 933 3474 in
955 3414 1023 3474 loco
1044 3411 1149 3492 Vergi-

147 3501 210 3561 nius
232 3500 358 3578 ialiitur‚
386 3502 434 3581 qni
460 3499 617 3564 Theodoro
638 3501 758 3581 plaeere
780 3498 881 3577 tradit,
908 3507 939 3561 ut
965 3515 1003 3559 ex
1029 3495 1151 3576 singuiis
