2592 3940
172 155 236 219 278
496 167 858 228 u.nns.oomr1u1su1

172 325 294 404 gratius,
310 325 335 386 si
352 342 409 405 qua
427 325 512 384 ctiam
527 323 712 401 ambiguitate
728 323 874 386 conditur:
895 331 926 384 ut
942 320 1048 384 Cicero
1063 323 1093 384 in
1107 323 1185 385 bnr-

173 412 253 485 tium,
267 408 412 469 bominem
429 406 563 469 callidum
578 415 607 468 et
621 417 779 484 versutum,
797 425 861 468 cum
876 407 900 466 is
909 409 938 468 in
951 407 1072 485 quadam
1087 425 1184 468 causa

174 500 329 572 suspectus
349 502 444 568 esset,
463 489 531 552 Nisi
545 493 575 554 ei
589 509 650 570 quo
667 490 773 555 Uticae
786 493 947 554 interoosit
959 489 1106 560 Lartium-
1124 509 1184 552 seu

129 584 164 642 qq
173 576 271 637 verbis
289 585 425 656 exparte
439 575 569 635 mutatis:
592 584 622 636 ιιι
637 576 665 635 in
680 594 762 653 eum,
782 576 846 655 qui,
864 593 927 636 curn
941 584 1026 638 antea
1041 575 1183 636 stultissi-

173 678 235 722 mus
251 669 331 720 esset
347 659 472 735 babitus,
488 667 557 738 post
572 669 723 739 acceptam
734 659 926 721 hereditatem
940 661 1048 738 primus
1060 667 1183 719 senten·

173 746 241 806 tiam
256 743 427 822 rogabatur,
444 741 539 805 Cotus
555 744 712 808 hereditas
732 753 793 821 cst,
816 760 908 842 qoqaa
927 751 1040 806 oocoat
1054 744 1183 822 sopien-

174 831 259 905 tiom,
276 846 330 907 pro
347 828 399 889 illo
405 827 570 904 ,facilitas
585 839 648 898 ast,·
669 847 721 888 seu
735 827 795 889 licti
810 829 886 888 notis
901 827 1036 890 versibus
1053 827 1182 902 similes,

131 919 248 992 eaquae
262 913 400 997 mappalia
416 911 531 980 dicitur;
553 919 583 972 et
604 911 813 991 proverbia
829 921 995 991 opportune
1010 920 1125 989 aptata:
1148 919 1183 971 ut

174 996 281 1056 bomini
297 1013 420 1095 nequam
434 996 519 1073 lapso
539 1004 585 1071 et,
610 1005 642 1057 ut
661 996 839 1057 allevaretur
845 999 1001 1073 ,roganti,
1023 994 1123 1058 Toltot
1138 1001 1182 1070 te,

175 1081 229 1159 qui
246 1099 308 1142 ooo
327 1081 421 1144 oooit
466 1078 512 1140 llx
535 1080 695 1140 historia
719 1082 807 1142 etiarn
837 1041 946 1141 ducere
975 1077 1180 1154 urbanitatem,

175 1164 317 1225 eruditum
331 1173 393 1226 est:
415 1173 446 1223 ut
462 1160 567 1224 Cicero
584 1163 672 1240 lecit,
697 1183 761 1224 cum
776 1167 803 1224 ei
819 1166 945 1224 testem
938 1183 966 1223 rn
981 1163 1087 1224 iudicio
1103 1161 1181 1221 ller-

174 1249 214 1308 ris
225 1250 340 1326 roganti
351 1248 473 1309 dixisset
483 1246 668 1324 Hortensius,
681 1246 748 1310 Non
758 1249 892 1327 intellipo
902 1249 981 1310 boec
992 1249 1184 1326 oenigmata.

174 1328 268 1410 Atqui
282 1333 386 1408 debes,
402 1332 511 1410 inquit,
532 1351 601 1393 com
615 1330 781 1412 Sphingem
796 1333 877 1393 domi
893 1332 1029 1400 bedeese
1052 1346 1181 1408 accepe-

174 1424 220 1476 rat
237 1425 332 1475 autem
347 1414 398 1476 ille
416 1433 433 1476 a
451 1415 545 1475 Verre
561 1415 720 1494 Sphingem
736 1433 856 1476 aeneam
879 1432 1000 1492 magnae
1022 1414 1178 1493 pecuniae.

132 1499 166 1555 99
258 1497 501 1560 Subabsurda
530 1499 579 1560 illa
609 1508 742 1561 constant
764 1500 925 1560 stultissimi
945 1499 1119 1572 imitatione,
1150 1505 1182 1556 et

175 1600 261 1662 quac,
276 1583 332 1643 nisi
346 1582 500 1660 fingantur,
517 1583 603 1644 stulta
621 1593 701 1644 sunt:
719 1593 761 1660 ut,
780 1583 1016 1663 quinnirautibos,
1034 1582 1112 1661 quod
1125 1581 1180 1640 bu·

174 1667 242 1727 mile
264 1667 469 1728 candelabrum
490 1669 626 1744 emisset,
653 1667 857 1731 Pramorium
877 1670 952 1745 erit,
974 1668 1075 1744 inquit.
1119 1664 1180 1726 Sed

174 1749 225 1811 illa
246 1751 348 1812 similia
371 1750 503 1812 absurdis
526 1761 591 1811 sunt
609 1754 705 1827 acria,
730 1770 805 1831 quae
828 1762 961 1831 tanquam
982 1753 1044 1811 sine
1064 1749 1181 1810 ratione

176 1833 253 1895 dicta
264 1831 414 1896 feruntur:
429 1844 464 1898 Ιιιι
481 1853 584 1896 servus
605 1835 792 1912 Dolabellae,
807 1841 872 1896 curn
886 1837 1127 1912 interrogaretur,
1144 1850 1180 1892 an

177 1917 307 1979 dominus
328 1920 390 1979 eius
406 1920 569 1979 auctionem
585 1922 803 1999 proposuisset,
818 1919 963 1994 Domum,
980 1918 1088 1997 inquit,
1103 1935 1178 1978 oca-

117 2009 169 2061 100
179 2003 267 2066 didit.
312 2001 496 2081 Deprehensi
524 2005 637 2064 interim
661 2003 802 2083 pudorem
825 2021 907 2064 suum
932 2001 1055 2066 ridiculo
1081 2000 1178 2078 aliquo

177 2086 340 2165 explicant:
358 2095 405 2162 ut,
431 2089 480 2164 qui
501 2097 606 2148 testam
622 2089 766 2148 dicentem
785 2106 818 2148 se
840 2104 924 2148 areo
939 2087 1118 2147 vulneratum
1136 2084 1175 2142 in·

177 2177 398 2245 terrogaverat,
422 2187 457 2229 an
478 2171 644 2231 cicatricem
664 2171 803 2247 baberet,
828 2188 891 2231 cum
911 2171 962 2231 ille
983 2173 1130 2248 ingentem
1149 2169 1180 2226 in

148 2253 282 2313 *lemine
310 2252 504 2328 ostendisset,
531 2251 643 2332 Laius,
669 2257 776 2334 inquit,
803 2257 944 2334 oportuit
989 2251 1178 2314 Contumeliis

178 2352 295 2436 quoque
314 2337 354 2396 uti
378 2335 458 2397 belle
480 2337 578 2398 datur:
599 2348 630 2398 ut
649 2339 741 2418 llispo
765 2338 914 2398 obiicienti
937 2339 981 2398 bis
997 2335 1104 2398 acerba
1123 2335 1177 2393 cri·

145 2421 162 2456 ²*
173 2423 248 2480 mina
264 2422 438 2496 accusatori,
457 2418 607 2499 Mandris,
625 2425 725 2501 inquit.
754 2421 792 2482 llt
806 2421 924 2483 Fulvius
938 2421 1120 2500 Propinquus
1135 2417 1178 2478 le·

176 2513 246 2581 gato
267 2505 473 2582 interroganti,
495 2525 531 2567 au
548 2508 577 2565 in
595 2505 716 2582 tabulis,
735 2523 807 2584 quas
823 2505 1008 2584 proferebat,
1031 2503 1178 2598 ehirogra-

179 2587 253 2667 pbus
269 2597 360 2661 esset,
375 2585 416 2648 Et
434 2607 537 2666 eoos,
554 2591 656 2688 inqqit,
672 2591 803 2652 donadac.

118 2679 169 2732 101
260 2669 319 2731 llas
343 2681 390 2731 aut
411 2675 514 2751 accepi
536 2675 653 2751 species
673 2682 720 2733 aut
741 2675 837 2734 inveni
854 2673 1120 2751 frequentissimas,
1141 2686 1176 2730 ex

178 2739 281 2833 quibus
302 2755 424 2816 ridicula
440 2756 628 2826 ducerentur;
652 2757 704 2817 sed
719 2767 850 2837 repetam
867 2774 993 2818 necesse
1011 2765 1073 2832 est,
1089 2753 1176 2814 inlini·

177 2846 221 2897 tas
237 2855 306 2898 esse
323 2846 381 2899 tam
395 2839 475 2899 salse
497 2841 611 2902 dicendi
627 2859 711 2919 quam
731 2859 853 2918 severe,
874 2859 947 2919 quas
969 2848 1098 2919 praestat
1112 2854 1175 2916 per·

178 2938 266 2997 sona,
285 2919 369 2982 locus
376 2931 532 3001 ,tempus,
553 2943 638 2987 casus
654 2926 796 3003 denique,
813 2926 861 3002 qui
874 2933 919 2984 cst
934 2925 1057 2984 maxime
1071 2922 1175 2982 varius.

117 3016 171 3068 lot
179 3005 281 3083 ltaque
296 3004 381 3082 baec,
397 3023 434 3066 ne
450 3009 583 3069 omisisse
599 3009 732 3085 viderer,
750 3009 845 3086 attigi;
860 3009 909 3068 illa
925 3017 1036 3083 autem,
1054 3023 1128 3086 quae
1142 3003 1178 3064 de

150 3101 232 3148 *usu
247 3091 312 3168 ipso
329 3097 358 3148 et
378 3090 465 3150 modo
481 3092 595 3152 iocandi
613 3093 783 3172 complexus
808 3110 884 3168 surn,
907 3093 981 3153 adeo
997 3089 1175 3151 infirmarem.

263 3173 351 3233 Plane
379 3176 548 3236 necessaria
572 3176 616 3236 his
642 3176 740 3237 adiicit
759 3173 900 3236 Domitius
917 3174 1047 3249 blarsus,
1074 3169 1178 3251 quide

178 3255 340 3317 urbanitate
355 3255 574 3359 diligentissime
590 3260 724 3358 scripsit,
747 3258 888 3337 quaedam
914 3275 972 3319 non
992 3256 1113 3318 ridicula
1127 3237 1177 3313 sed

178 3338 298 3401 cuilibet
312 3343 518 3403 severissimae
540 3343 661 3405 orationi
678 3345 878 3404 convenientia
894 3343 1046 3420 eleganter
1060 3341 1135 3401 dieta
1150 3345 1176 3397 et

178 3425 300 3502 proprio
316 3422 441 3503 quodam
458 3425 562 3506 lepore
573 3426 709 3497 iucunda;
732 3444 806 3505 quae
826 3435 893 3486 sunt
907 3425 1022 3505 quidem
1043 3422 1176 3484 urbana
