2570 3946
179 211 220 272 5⁰
492 219 529 268 rr.
551 217 630 268 sus.
653 215 875 280 corununsur

136 377 274 454 tetendi,
297 373 484 436 monstrabat.
529 371 610 434 iiacc
632 373 661 432 ci
683 388 752 434 cura
769 375 844 434 inter
862 373 1071 436 turbidissimas
1093 376 1191 436 actio·

178 479 231 521 nes
253 461 302 521 vei
324 459 445 520 terrenti
472 458 627 536 optimates
656 455 705 517 v'ei
727 455 783 517 iam
804 457 914 518 timenti
937 457 1056 539 profuit.
1100 457 1192 520 bibet

178 547 300 624 propter
323 542 463 624 quosdam
484 539 678 685 imperitiores
699 541 787 602 etiam
810 544 985 618 munnere,
1013 549 1044 602 nt
1065 551 1186 620 vocant,

136 625 269 694 Musti
291 627 497 689 dubitationem
544 625 607 685 uias
634 624 765 685 utilitatis
795 625 934 686 eximere.
978 623 1051 688 Nam
1078 633 1186 705 poetas

178 720 260 776 certe
282 711 426 790 legendos
452 709 562 770 oratori
583 708 680 769 iuturo
708 709 927 770 concesserint:
956 723 1022 771 num
1045 711 1133 789 igitur
1154 709 1185 771 ni

178 799 241 858 sine
264 789 398 856 musice?
421 810 457 854 ac
478 794 503 852 si
525 793 589 872 quis
610 800 669 854 tam
691 809 797 854 caecus
816 793 901 855 animi
924 801 980 872 est,
1007 795 1096 856 atde
1118 793 1187 856 aliis

177 880 304 941 dubitet:
332 875 401 939 iilos
425 886 524 954 certe,
555 877 603 955 qui
626 878 752 939 carmine
773 875 809 937 ad
831 877 922 954 lyram
945 885 1182 957 composuerant.

177 963 258 1023 iiaec
280 963 384 1024 sindus
406 959 502 1023 forent
522 961 659 1037 dicenda,
690 962 715 1020 si
743 960 802 1022 boc
825 961 949 1024 studium
976 961 1057 1023 reiut
1077 979 1185 1022 novum

134 1049 388 1126 depraeciperem.
433 1044 507 1107 cum
527 1056 599 1105 vero
623 1045 778 1124 antiquitus
803 1055 897 1126 usque
914 1066 930 1108 a
948 1043 1077 1108 Chirone
1094 1055 1187 1124 atque

177 1125 294 1192 Anbiiie
316 1125 353 1192 ati
374 1139 474 1192 nostra
496 1135 629 1210 tempora
651 1130 727 1209 apud
750 1143 867 1206 omncs,
900 1132 948 1210 qni
975 1129 1062 1191 modu
1085 1130 1182 1207 legiti-

177 1227 251 1274 mam
272 1211 454 1294 disciplinam
470 1221 527 1275 non
547 1216 605 1274 sint
627 1215 744 1293 perosi,
767 1211 930 1275 domuerit:
953 1221 1011 1274 non
1033 1221 1079 1274 cst
1104 1225 1182 1275 com·

176 1297 360 1375 mittendum,
384 1307 414 1360 ut
435 1295 486 1360 iiia
509 1297 594 1358 dnbia
616 1298 721 1359 iacianr
743 1295 923 1358 defensionis
945 1297 1152 1360 sollicitudine.

133 1389 167 1445 31
261 1382 399 1456 Quamvis
421 1389 516 1442 artem
537 1383 608 1441 satis
630 1383 686 1440 iam
709 1398 747 1443 ex
768 1383 858 1460 ipsis,
880 1375 985 1460 quibus
1010 1398 1073 1443 sum
1094 1382 1183 1442 modo

176 1475 257 1542 nsns,
275 1461 419 1544 exempiis
436 1464 552 1526 credam
568 1481 636 1525 esse
653 1464 851 1541 manifestum,
869 1475 946 1544 nune
966 1465 1034 1527 inibi
1057 1474 1087 1527 et
1112 1480 1183 1544 qna·

176 1559 260 1609 tenus
277 1551 388 1610 musice
404 1549 538 1628 placeat:
557 1549 686 1628 apertius
703 1557 800 1610 tannen
818 1548 1011 1630 profitendum
1022 1557 1104 1629 puto,
1123 1557 1187 1610 abir

175 1633 250 1693 banc
274 1651 290 1693 a
319 1645 366 1692 nte
388 1634 536 1712 praecipi,
566 1649 641 1711 quae
669 1648 745 1693 nnnc
773 1635 802 1693 in
833 1633 931 1694 scenis
959 1633 1127 1694 effeminata
1152 1641 1183 1692 ct

175 1716 327 1796 impudicis
349 1718 442 1779 modis
465 1716 558 1777 tracta
577 1727 635 1775 non
653 1732 691 1776 ex
708 1723 792 1796 parte
809 1717 934 1792 minima,
953 1719 978 1776 si
997 1716 1066 1796 quid
1082 1717 1111 1776 ib
1128 1727 1181 1778 nd·

173 1795 220 1861 bis
247 1797 339 1860 tiiiiis
367 1799 482 1861 roboris
509 1797 659 1876 manebat,
684 1799 805 1869 excidit3
833 1799 886 1861 sed
912 1817 968 1881 qna
996 1801 1098 1862 laudes
1121 1800 1186 1862 idr-

175 1885 244 1944 tiurn
265 1884 460 1962 canebantur,
487 1891 602 1964 quaque
624 1885 681 1963 ipsi
708 1886 801 1946 iortes
825 1885 981 1954 cerebrum
1016 1895 1073 1944 nec
1102 1885 1183 1962 psai·-

175 1970 249 2028 tcria
272 1975 304 2028 et
323 1970 475 2048 spadices,
503 1970 589 2030 ctiam
607 1962 767 2046 virginibus
791 1968 892 2047 probis
921 1969 1103 2045 recusanda,
1127 1969 1185 2030 sed

176 2053 372 2128 cognitionem
392 2053 532 2128 rationis,
559 2069 636 2130 quae
661 2051 697 2112 ad
717 2051 878 2112 movendos
900 2051 1112 2131 leniendosque
1137 2052 1180 2112 ai·

134 2133 270 2194 ennecus
287 2135 440 2213 plurimum
460 2134 550 2195 vaiet.
590 2133 663 2195 Nam
683 2143 712 2193 et
729 2135 914 2213 Pythagoran
931 2137 1089 2215 accipimus
1110 2154 1180 2197 con·

177 2219 281 2278 citatos
308 2219 344 2278 ad
372 2221 429 2278 vinr
457 2218 582 2296 pudicae
605 2218 701 2278 domui
731 2219 906 2281 aderandam
933 2222 1071 2296 iuvenes,
1100 2223 1182 2280 iussa

174 2311 285 2362 tautane
307 2303 336 2360 in
353 2302 513 2380 spondeum
530 2302 633 2362 modos
645 2301 780 2378 tubicine,
806 2305 1023 2383 composuisse;
1040 2311 1069 2364 et
1086 2303 1181 2379 Chry·

174 2386 276 2463 sippus
300 2386 386 2446 etiam
406 2387 546 2446 nutricum
568 2386 625 2462 ilii,
649 2403 724 2464 quae
745 2385 898 2448 adhibetur
915 2388 1087 2465 iniustitiis,
1106 2388 1181 2449 alie·

132 2467 293 2528 d3ctstioni
321 2481 403 2530 suurn
429 2468 573 2548 quoddam
595 2485 712 2529 carmen
741 2471 880 2548 assignat.
922 2471 977 2532 Est
1004 2473 1091 2532 ctiam
1120 2489 1180 2532 nou

172 2553 315 2613 inerudite
338 2553 374 2614 ad
397 2551 616 2615 declamandum
635 2554 703 2613 iicta
724 2555 855 2631 materia,
879 2556 908 2617 in
929 2574 986 2634 qna
1008 2557 1125 2634 ponitur
1144 2559 1179 2617 ti-

90 2633 94 2640 ’
173 2636 275 2714 bicen,
299 2638 348 2716 qui
367 2638 543 2698 sacrificanti
564 2636 719 2714 Phrygium
741 2639 905 2716 cecinerat,
929 2649 995 2701 ecto
1011 2640 1063 2702 ilio
1087 2641 1116 2699 in
1136 2642 1178 2700 in-

174 2723 282 2780 saniam
301 2730 330 2780 et
348 2740 403 2800 per
420 2722 590 2800 praecipitia
608 2721 706 2781 delato
725 2724 875 2799 accusari,
900 2723 977 2801 quod
995 2742 1082 2784 causa
1101 2741 1178 2784 mor·

173 2805 210 2862 tis
234 2805 376 2873 extiterit;
406 2822 482 2883 quae
504 2805 529 2863 si
551 2805 608 2865 diei
630 2804 717 2867 debet
740 2805 776 2866 ab
800 2813 918 2867 oratore
944 2825 1000 2867 nec
1025 2808 1081 2869 dici
1105 2810 1178 2871 citra

173 2888 322 2948 scientiam
344 2890 470 2948 musices
492 2895 607 2966 potest:
632 2881 777 2967 quondm
809 2907 866 2950 non
894 2891 968 2951 bane
989 2909 1109 2970 quoque
1132 2910 1177 2952 ar»

172 2979 232 3030 tem
250 2973 447 3033 necessariam
469 2989 537 3032 esse
560 2973 644 3052 operi
665 2982 765 3033 nostro
787 2973 835 3034 vei
857 2975 946 3053 iniqui
971 2973 1182 3036 consentient?

543 3128 586 3178 bn
606 3125 807 3178 Gnontnnntn.

130 3225 166 3279 dd
255 3220 289 3281 ln
316 3224 522 3299 geometria
548 3233 662 3304 partem
690 3225 815 3284 iatentur
843 3242 911 3285 esse
938 3226 1037 3285 utilem
1066 3226 1178 3285 teneris

173 3305 325 3364 aetatibus.
371 3307 482 3384 Agitant
503 3325 628 3386 namque
657 3309 767 3368 animos
796 3317 826 3370 et
858 3310 922 3370 acui
945 3311 1060 3387 ingenia
1074 3317 1103 3368 et
1126 3325 1177 3369 ce·

172 3387 315 3448 lenitatem
336 3391 515 3471 percipiendi
535 3393 637 3450 venire
657 3392 724 3452 inde
748 3393 925 3463 concedunt;
956 3393 1009 3454 sed
1030 3392 1181 3471 prodesse

173 3488 236 3533 earn
261 3491 317 3534 non
341 3484 372 3536 ut
393 3483 508 3536 ceteras
532 3484 627 3550 artes,
657 3493 722 3535 curn
750 3485 912 3557 perceptae
943 3478 999 3536 sint
1027 3477 1080 3538 sed
1111 3493 1179 3537 cunr
