2592 3940
387 225 478 274 nusn.
503 223 651 274 osunen.
674 203 744 271 nus.
766 223 805 289 u,
825 218 850 273 o.
864 215 889 271 7.
1081 206 1140 268 195

143 397 249 460 quere,
273 399 309 441 un
329 379 479 458 peierarit.
519 377 578 439 Sed
600 377 684 438 nobis
707 374 943 438 adolescentibus
964 375 1096 436 seniores
1114 377 1170 441 ino

141 465 255 542 agendo
269 464 352 525 lacti
375 463 550 542 praecipere
570 460 720 535 solebant,
742 479 779 520 ne
800 476 924 538 unquam
948 459 1142 520 iusiurandum

140 548 339 623 deferremus,
363 547 441 607 sicut
455 562 551 624 neque
571 547 651 624 optio
673 543 777 604 iudicis
794 544 961 604 adversario
980 551 1060 602 esset
1075 560 1142 621 per·

138 631 277 692 micenda
298 647 354 690 nec
376 647 415 689 ex
436 630 591 704 advocatis
602 629 692 706 partis
707 627 850 688 adversae
868 627 956 687 iudex
975 626 1142 703 eligendum

137 731 213 792 nam,
237 716 262 774 si
282 713 382 774 dicere
398 715 542 773 contraria
552 722 636 790 turpe
649 710 790 772 advocato
802 711 964 787 videretur,
989 717 1070 770 certe
1085 717 1144 770 tur·

139 799 203 878 pius
219 796 396 873 habendum,
412 798 512 857 lacere
532 795 611 875 quod
625 803 740 854 noceat.

529 948 573 1000 DE
588 945 755 1000 TESTIBUS.

223 1044 286 1106 vn.
314 1042 455 1104 Maximus
469 1053 564 1105 tamen
580 1045 710 1124 patronis
726 1045 804 1103 circa
824 1045 1035 1104 testimonia
1055 1041 1145 1104 sudor

140 1137 195 1190 est.
224 1127 481 1190 Eadicunturaut
500 1126 740 1206 postabulas
762 1135 809 1186 aut
831 1143 846 1185 a
866 1125 1142 1204 praesentibus.

138 1211 305 1290 Simplicior
331 1221 432 1273 contra
456 1211 570 1272 tabulas
591 1227 699 1288 pugna.
735 1207 807 1269 Nam
831 1218 860 1269 et
880 1211 972 1270 minus
994 1209 1144 1270 obstitisse

138 1295 253 1356 videtur
267 1295 361 1374 pudor
376 1296 453 1355 iuter
468 1311 578 1373 paucos
596 1296 778 1370 signatores,
797 1301 827 1352 et
838 1309 892 1371 pro
907 1293 1066 1354 diffidentia
1077 1310 1143 1372 pre·

138 1380 224 1438 mitur
244 1377 385 1438 absentia.
414 1377 445 1438 Si
461 1378 722 1456 reprehensionem
743 1393 801 1436 non
820 1378 898 1455 capit
916 1380 979 1456 ipsa
999 1394 1143 1456 persona:

140 1461 278 1522 infamare
293 1463 459 1540 signatores
475 1460 554 1521 licet.
578 1461 677 1522 Tacita
688 1469 844 1540 praeterea
854 1461 995 1539 quaedam
1005 1462 1143 1538 cogitatio
1156 1469 1172 1524 t

139 1545 306 1622 refragatur
325 1544 371 1605 his
391 1543 538 1621 omnibus,
560 1545 637 1623 quod
657 1561 741 1604 nemo
757 1562 810 1624 per
825 1543 937 1605 tabulas
952 1545 1000 1604 dat
1015 1547 1143 1605 testimo-

140 1630 216 1689 nium
237 1630 291 1688 nisi
313 1647 364 1690 sua
385 1627 549 1697 voluntate;
572 1645 629 1707 quo
651 1631 716 1707 ipso
738 1644 795 1688 non
820 1645 887 1687 esse
912 1630 1034 1689 amicum
1052 1630 1079 1687 ei
1099 1645 1143 1705 se,

141 1720 349 1792 contraquam
371 1712 457 1788 dicit,
480 1711 596 1772 latetur.
628 1710 732 1791 Neque
753 1721 848 1772 tamen
867 1714 998 1789 protinus
1021 1713 1145 1771 cesserit

141 1805 257 1872 orator,
279 1812 337 1874 quo
359 1797 452 1855 minus
474 1805 504 1854 et
525 1797 634 1856 amicus
654 1812 709 1872 pro
732 1797 874 1855 amicost
896 1796 1026 1854 inimicus
1044 1802 1145 1854 contra

139 1881 283 1940 inimicum
301 1880 396 1958 possit
416 1895 534 1953 verum,
557 1881 582 1938 si
601 1881 715 1954 integra
732 1880 769 1938 sit
787 1880 814 1938 ei
831 1877 919 1954 lides,
941 1878 1050 1937 dicere.
1085 1877 1144 1938 Sed

140 1962 199 2025 late
215 1961 299 2022 locns
315 1970 438 2041 uterque
453 1970 602 2022 tractatur.

225 2044 297 2106 Gum
312 2044 577 2124 praesentibus
592 2061 665 2105 vero
676 2047 779 2123 ingens
792 2045 936 2106 dimicatio
949 2053 1004 2120 est,
1017 2044 1171 2122 ideoque3

138 2129 220 2191 velut
240 2129 348 2210 duplici
369 2138 471 2190 contra
492 2145 545 2189 eos
559 2146 673 2208 proque
688 2130 724 2188 iis
740 2131 804 2189 acie
820 2127 985 2205 confligitur
999 2130 1144 2188 actionum

140 2223 170 2275 et
185 2215 452 2291 interrogationum.
482 2213 515 2274 ln
536 2212 746 2273 actionibus
760 2214 881 2289 primurn
895 2210 1075 2289 generaliter
1088 2228 1142 2291 pro

139 2296 262 2358 testibus
284 2305 371 2376 atque
393 2299 422 2357 in
441 2305 534 2358 testes
553 2297 610 2357 dici
629 2297 717 2357 solet.
745 2295 798 2355 llst
813 2295 861 2356 hic
876 2297 1033 2356 communis
1048 2295 1173 2373 locus‚l

141 2399 206 2441 cum
221 2397 290 2458 pars
302 2378 395 2441 altera
406 2379 515 2440 nullam
527 2374 682 2440 firmiorem
693 2377 895 2457 probationem
905 2396 972 2438 esse
985 2379 1143 2456 contendit,

141 2479 225 2542 qnam
243 2479 319 2540 quae
334 2464 371 2522 sit
386 2463 531 2523 hominum
546 2464 667 2522 scientia
682 2465 764 2530 nixa;
781 2461 873 2521 altera
887 2461 923 2521 ad
940 2462 1145 2524 detrahendam

140 2547 199 2607 illis
222 2544 308 2605 iidem
329 2548 438 2622 omnia,
466 2564 522 2624 per
542 2563 616 2624 quae
639 2546 702 2606 fieri
728 2545 842 2606 soleant
868 2544 943 2605 lalsa
970 2547 1144 2622 testimonia,

142 2639 300 2691 enumerat.
339 2629 472 2707 Sequens
490 2630 565 2690 ratio
589 2638 649 2705 est,
674 2647 739 2690 cum
761 2627 931 2708 specialiter
954 2628 1069 2708 quidem
1092 2630 1170 2692 sedt

140 2724 237 2776 tamen
251 2712 357 2774 multos
368 2714 478 2791 pariter
489 2713 626 2774 invadere
638 2714 752 2791 patroni
763 2712 868 2772 solent.
892 2710 964 2773 Nam
976 2714 1145 2792 algentium

139 2797 225 2859 simul
240 2798 439 2857 universarum
455 2796 570 2857 elevata
586 2797 750 2857 testimonia
765 2795 801 2856 ab
815 2796 980 2857 oratoribus
994 2799 1100 2858 scimus
1115 2805 1144 2858 et

140 2891 202 2944 tota
227 2899 338 2959 genera
361 2881 606 2941 testimoniorum:
640 2889 671 2940 ut
691 2880 727 2941 de
751 2880 956 2951 auditionibus;
988 2883 1144 2943 nonenim

139 2967 221 3045 ipsos
244 2983 312 3026 esse
332 2973 425 3026 testes
441 2965 494 3025 sed
509 2966 695 3026 iniuratorum
710 2964 817 3025 afferre
830 2982 935 3034 voces;
958 2976 989 3026 nt
1003 2967 1033 3025 in
1048 2965 1143 3026 causis

140 3048 382 3126 repetundarum,
399 3051 447 3127 qui
462 3067 495 3108 se
510 3065 564 3109 reo
581 3065 750 3110 numerasse
766 3051 904 3128 pecunias
919 3051 1030 3124 iurant,
1048 3048 1142 3124 litiga·

141 3139 235 3192 torum
254 3148 312 3191 non
327 3133 442 3192 testium
455 3132 605 3193 habendos
621 3131 698 3202 loco.
724 3131 842 3193 lnterim
856 3133 995 3193 adversus
1012 3129 1171 3208 singulosti

140 3214 273 3291 dirigitur
287 3216 378 3286 actio;
399 3215 477 3294 qnod
491 3217 689 3277 insectationis
706 3234 799 3294 genus
813 3225 843 3276 et
856 3215 1029 3294 permixtum
1043 3214 1142 3274 delen·
1257 3234 1263 3248 ·

141 3298 217 3359 sioni
237 3298 359 3376 legimus
381 3299 410 3358 in
434 3299 611 3360 orationibus
633 3300 764 3379 plurimis
788 3310 817 3360 et
842 3299 998 3378 separatim
1025 3297 1142 3374 editum,

140 3383 216 3444 sicut
240 3384 269 3442 in
286 3380 429 3443 Vatinium
451 3390 563 3442 testem.
602 3382 706 3444 'lotum
725 3385 813 3460 igitur
833 3383 1010 3444 excutiamus
1034 3381 1141 3462 locum,

140 3465 255 3548 quando
272 3465 435 3526 universam
450 3467 656 3528 institutionem
672 3467 806 3544 aggressi
819 3465 1142 3612 ⁸⁰m⁰⁸i3sp¹¹ffl⁰l⁸b⁸nl
