2592 3940
363 201 803 274 uusu.0uu·rou.u1mV,13.
1028 199 1091 265 239

171 359 392 423 lieelemeieres
412 375 485 419 vero
506 361 634 441 inprimis
660 370 726 421 suut
746 361 936 442 admouendi,
963 385 999 428 ue
1020 385 1089 429 eou-

83 443 276 508 iredieiluues
292 461 343 504 ees
361 451 484 522 pedani,
512 444 615 523 quibus
639 441 776 506 iseilllme
793 449 965 526 responderi
984 454 1088 530 possit,

83 547 144 592 meu
159 529 214 589 sibi
229 526 347 588 stultum
365 525 563 588 adversarium
574 529 701 606 lingent.
732 527 866 590 Facimus
881 542 993 610 eutem,
1011 536 1089 614 quod

82 614 208 674 maxime
223 609 331 672 uberes
349 611 407 672 loei
424 609 640 692 popularesque
656 609 818 674 sententiae
834 626 1006 694 uuseuuiur,
1029 635 1087 679 rue·

83 698 188 758 leriam
205 695 320 757 dieeudi
334 695 434 770 uirbis,
454 694 531 774 quud
550 693 700 773 volumus,
721 697 909 775 ducentibus,
933 709 965 759 ut
978 717 1036 762 nou
1051 699 1089 762 sil

82 780 135 841 ille
151 780 259 842 iuuiilis
272 797 390 839 versus:

73 904 77 910 -
135 861 204 926 Nom
223 865 304 926 maie
322 863 497 941 respondit,
518 864 598 926 male
619 865 699 924 emim
716 865 807 941 prior
828 867 879 929 iiie
902 875 1039 946 reparat.

82 947 181 1008 Fallet
196 947 270 1008 lreee
285 963 339 1007 uos
355 947 383 1005 iu
399 947 464 1006 loru
480 947 682 1023 cousuetudo,
699 946 747 1007 uhi
763 950 943 1027 edversario,
959 967 1017 1010 uon
1032 952 1088 1031 ipsi
1096 955 1133 1010 43

82 1030 170 1091 nobis
182 1030 432 1112 respondebimus.
457 1029 545 1090 Aiuui
557 1029 666 1091 Allium
681 1031 900 1109 interrogatum,
918 1053 970 1094 eur
983 1051 1087 1097 euuses

83 1130 143 1175 uou
152 1123 266 1193 egeret,
279 1133 343 1176 eum
354 1114 430 1193 apud
442 1131 507 1175 eum
523 1117 552 1174 iu
563 1115 724 1190 tragoediis
737 1121 813 1174 mula
830 1116 873 1174 vis
886 1126 967 1177 esset
978 1120 1087 1197 upiime

84 1198 292 1278 respondendi,
315 1199 389 1258 hane
405 1197 570 1259 reddidisse
588 1199 747 1272 rationem,
772 1199 850 1278 quod
869 1197 931 1259 illie
953 1217 987 1260 ea
1008 1201 1087 1262 diee-

83 1291 202 1359 reuiur,
225 1299 300 1362 ques
319 1285 384 1360 ipse
402 1280 512 1355 vellet,
537 1281 566 1338 iu
586 1279 652 1340 loro
678 1281 782 1342 dieiuri
800 1282 958 1343 adversarii
976 1295 1086 1360 esseut,

84 1383 161 1445 quae
177 1367 291 1426 minime
305 1363 407 1425 vellet.
443 1363 605 1425 Ridiculum
622 1373 668 1424 est
683 1381 756 1442 ergo
772 1367 800 1424 iu
818 1367 1131 1443 exercitatissimum

84 1467 162 1529 quse
191 1449 257 1510 iuro
288 1456 512 1526 praeparentur,
540 1449 619 1525 prius
645 1448 792 1526 cogitare,
820 1451 887 1527 quid
914 1451 1088 1530 responderi

86 1551 172 1613 quam
187 1533 254 1612 quid
271 1550 308 1593 ex
324 1533 441 1593 diverso
458 1531 515 1590 diei
532 1533 635 1609 possit.
671 1531 709 1592 lit
727 1531 819 1592 bouus
837 1533 1015 1613 praeceptor
1028 1551 1086 1597 uou

85 1619 177 1676 miuus
193 1616 311 1678 laudere
329 1612 501 1696 discipulum
520 1614 617 1691 debet,
634 1617 659 1675 si
674 1616 742 1696 quid
758 1632 812 1695 pro
829 1617 946 1678 diverse
962 1635 1046 1696 quam
1062 1619 1086 1678 si

86 1700 153 1780 quid
170 1717 223 1778 pro
239 1718 291 1760 sue
306 1709 390 1778 peris
404 1701 511 1760 ueriier
523 1701 711 1776 excogitavit.
745 1698 855 1759 Rursus
869 1699 947 1760 aliud
960 1702 989 1760 iu
1001 1701 1130 1762 seluo-45.

85 1783 122 1844 lis
137 1785 358 1861 permiiieudum
374 1801 506 1927 semper,
533 1785 561 1843 lu
576 1782 642 1842 loro
658 1800 762 1843 rarum.
799 1780 871 1843 Nam
890 1783 978 1844 loeo
1003 1803 1019 1845 a
1035 1802 1086 1863 pe·

86 1870 174 1927 iiiore
189 1869 307 1946 primo
325 1876 425 1928 eeuiru
446 1869 553 1928 ieiioue
572 1868 612 1925 uii
632 1868 681 1945 qui
696 1882 867 1945 possumus,
882 1866 931 1927 ubi
950 1884 1020 1927 rere
1037 1885 1086 1927 res

87 1951 190 2027 egilum,
208 1969 272 2011 eum
290 1951 474 2012 adversarius
492 1950 586 2011 adhue
603 1949 674 2010 nihil
686 1946 813 2011 dixerit?
843 1949 973 2012 lueiduui
993 1955 1130 2012 iemeulii

87 2035 220 2114 plerique
241 2035 269 2093 in
290 2035 347 2096 ime
368 2031 465 2095 vilium
491 2034 540 2095 vel
572 2033 781 2094 cousuetudine
804 2033 1012 2095 declamatoria
1038 2034 1087 2095 vel
1135 2079 1137 2086 >

87 2119 172 2178 etism
188 2119 345 2197 eupiditate
367 2118 498 2195 dieeudi,
522 2119 646 2198 demque
670 2115 708 2178 de
725 2133 758 2177 se
778 2119 1020 2196 respoudeuirims
1036 2136 1086 2179 ve·

86 2202 267 2262 nusiissimos
283 2203 375 2278 lusus,
394 2221 457 2264 eum
474 2201 578 2278 modo,
599 2221 635 2264 re
648 2218 722 2266 uero
741 2201 819 2262 nihii
832 2202 970 2281 dimisse,
989 2218 1088 2281 neque

85 2293 149 2348 iam
162 2286 254 2347 eluite
268 2288 424 2354 dielurmr
439 2286 538 2359 modo,
561 2286 637 2347 dene
654 2286 826 2348 admonitor
845 2286 886 2346 ad
902 2286 1089 2348 adversario

87 2377 118 2432 ei
134 2385 229 2447 apere
242 2372 376 2447 pretias,
392 2371 475 2448 quod
488 2371 589 2431 adiuti
601 2371 673 2444 sint,
689 2370 835 2436 lusesium
852 2367 1087 2446 frequentissime

86 2467 174 2528 reru,
198 2452 227 2513 id
248 2452 326 2530 quud
343 2451 532 2513 firmissimum
553 2460 612 2526 esi,
633 2465 789 2529 uunquam
808 2451 849 2510 iis
869 2467 1088 2530 responsurum

86 2537 304 2598 adversarium
324 2537 439 2614 fuisse,
462 2549 542 2613 puae
557 2535 716 2614 proposita
736 2551 797 2596 rrum
817 2539 932 2610 errem,
953 2537 1014 2596 miri
1032 2536 1088 2598 iliu

86 2620 181 2680 eoiret
196 2637 274 2680 veru
290 2638 358 2681 esee
368 2626 398 2682 οι
408 2619 620 2697 adferendum
632 2617 819 2680 comedenda
830 2624 911 2678 ereel
920 2619 1088 2697 impulsum

86 2710 118 2762 ui
132 2717 185 2781 pro
205 2699 338 2763 clusurio
356 2700 477 2763 Gieero:
501 2699 581 2764 Nam
596 2701 653 2764 doe
664 2719 819 2782 persaepe
834 2700 957 2786 (limidi,¹
973 2701 1028 2764 libi
1040 2703 1128 2764 sieri

87 2788 275 2865 renuntiari,
300 2805 349 2850 me
370 2787 486 2848 ludere
504 2788 537 2849 in
555 2787 656 2848 urimo
679 2803 808 2848 eausam
827 2784 909 2847 darre
928 2786 1088 2865 praesidio

89 2871 165 2949 lepis
179 2872 357 2951 defendere.
392 2867 482 2932 liure
497 2871 564 2932 erl?
587 2870 628 2932 ab
651 2871 761 2932 amieis
780 2868 990 2948 imprudenter
1002 2870 1086 2931 uide·

88 2955 158 3016 diem
170 2958 353 3034 prodimur?
368 2962 397 3018 ei
412 2962 458 3017 esi
473 2955 576 3017 nescio
593 2955 663 3032 quis
677 2955 717 3016 de
732 2955 788 3028 iis,
811 2968 887 3032 quoe
903 2956 1021 3016 amieos
1034 2973 1087 3016 reo·

88 3039 136 3100 diu
149 3040 357 3116 arbitramur,
380 3039 432 3119 qui
451 3046 558 3102 nostra
579 3039 708 3101 eurreilr'u
729 3039 774 3101 ad
793 3037 1011 3101 adversarium
1035 3039 1087 3098 de·
1175 3043 1177 3048 ’

87 3122 192 3202 serui?
222 3120 370 3195 Quisnam
388 3125 446 3185 due
460 3124 514 3184 lidi
534 3123 742 3185 renuntiavit?
761 3124 830 3201 puis
849 3129 912 3184 lam
933 3120 1088 3200 improbus

88 3206 164 3288 psile
185 3208 236 3268 eui
252 3225 307 3285 epo
322 3215 424 3270 aulem
437 3209 591 3269 namuri?
620 3204 732 3286 Nemo,
747 3205 920 3285 stirpium,
940 3206 974 3266 in
994 3202 1088 3282 eulpa

90 3295 154 3359 erm
172 3290 316 3352 mimirum
336 3291 390 3353 lidi
408 3292 493 3352 istud
512 3292 565 3353 leur
584 3294 655 3371 ipra
670 3290 865 3352 renuntiavit.
910 3286 951 3347 di
974 3287 1131 3366 quidemifl

92 3374 319 3437 euuiredieiioue
352 3390 410 3434 uuu
426 3375 564 3435 *eouieuii
590 3383 668 3436 tulos
694 3375 780 3435 eiiam
806 3373 891 3454 loeos
924 3372 1086 3452 explieuui:

90 3459 173 3521 seire
186 3479 220 3522 ee
230 3459 288 3524 imo
299 3459 437 3522 dicturus
448 3458 648 3522 adversarios
662 3465 692 3521 el
701 3459 746 3520 iia
753 3463 981 3537 persecuturos.
1002 3451 1093 3531 Quod
