2592 3940
382 227 471 279 rnsn.
484 229 634 279 onsnon.
649 230 718 278 nuo.
734 231 771 296 u,
787 229 829 281 ιι.
1040 219 1098 282 231

105 383 165 444 dioi
188 391 306 464 posset,
327 382 499 453 ostendere;
530 383 583 444 sed
607 383 676 446 mihi
702 399 914 462 supervacuum
940 384 1102 448 videbatur.

106 465 179 527 Nam
200 475 230 526 et
248 465 314 527 lere
334 476 475 546 apparet,
498 466 567 546 quid
586 469 615 528 in
634 467 781 544 iniuriam,
805 466 873 548 quid
894 469 923 527 in
946 471 1146 548 auaritiam,16

105 550 175 629 qnid
192 551 221 610 in
237 558 342 611 testem
358 552 511 627 inimicum,
532 552 600 630 quid
614 568 668 629 pro
684 559 761 610 teste
776 551 868 610 amico
884 550 1036 612 dicendum
1051 555 1103 623 sit;

106 641 136 693 et
157 632 194 694 dc
216 633 347 694 omnihus
372 633 416 694 his
441 637 534 696 omnia
554 633 654 695 dicere
672 633 810 694 inlinitum
825 643 886 711 est,
906 643 963 697 tam
984 635 1104 699 hercule

104 718 236 796 quamsi
258 718 537 795 controversiarum,
565 736 639 797 quae
668 720 725 779 sint
744 733 878 797 quaeque
902 718 1015 781 iuturoc
1037 722 1103 797 sint,

104 800 311 879 quaestiones,
333 811 519 880 argumenta,
550 803 708 862 sententias
734 803 850 862 tradere
879 801 975 862 velim.
1020 802 1146 882 lpsasli

103 890 202 943 autem
229 893 459 962 argumentorum
487 884 569 946 uelut
596 886 684 947 sedes
709 902 767 944 non
792 903 838 945 me
864 886 978 965 quidem
1003 903 1104 948 omnes

105 966 274 1028 ostendisse
290 967 415 1044 conddo,
434 969 570 1047 plurimas
589 978 692 1030 mmen.
878 1011 881 1016 -
1085 977 1089 984 '

191 1047 275 1123 Quod
291 1067 327 1110 eo
343 1051 507 1130 diligentins
522 1053 685 1113 iaciendum
699 1053 762 1128 luit,
782 1052 848 1131 quia
866 1052 1103 1130 declamationes,

103 1131 209 1211 quihus
224 1133 260 1194 ad
277 1151 400 1212 pugnam
417 1135 563 1196 forensem
578 1136 661 1196 velot
678 1135 849 1214 praepilatis
872 1139 1005 1197 exerceri
1026 1137 1103 1197 sole-

105 1215 222 1292 bamus,
238 1215 308 1277 olim
323 1220 378 1278 iam
393 1218 429 1278 ab
445 1219 495 1279 illa
511 1236 582 1278 vera
601 1219 725 1295 imagine
743 1218 843 1278 orandi
858 1227 1045 1278 recesserunt
1063 1227 1103 1278 at·

104 1316 163 1376 qne
180 1298 216 1359 ad
230 1299 324 1362 solam
342 1303 522 1379 compositae
538 1299 717 1382 voluptatem
732 1301 828 1360 nervis
846 1308 956 1376 carent,
972 1317 1029 1360 uon
1045 1301 1103 1360 alio

102 1381 215 1441 madius
239 1381 322 1443 lidius
338 1384 407 1444 vitio
423 1385 592 1460 dicentium,
619 1402 703 1462 quam
719 1401 776 1464 quo
793 1385 1000 1462 mancipiorum
1013 1401 1104 1462 nego·

103 1465 226 1524 tiatores
243 1465 353 1526 lormae
365 1484 520 1544 puerorum
531 1467 668 1528 virilitate
680 1469 780 1528 excisa
791 1465 1000 1526 lenocinantur.
1031 1467 1104 1528 Nam
1112 1473 1145 1529 18

103 1555 135 1606 nt
150 1545 193 1606 illi
207 1545 297 1608 robur
311 1567 345 1609 ao
361 1549 489 1610 lacertos
504 1550 681 1629 barbamque
695 1559 759 1611 ante
776 1553 869 1612 omnia
886 1559 915 1609 et
930 1551 1002 1627 alia,
1028 1545 1103 1630 qua'e

103 1639 205 1690 natura
232 1633 351 1710 proprie
379 1633 505 1694 naribus
535 1633 630 1710 dedit,
660 1651 759 1713 pamm
792 1634 954 1693 existimant
983 1633 1103 1709 decora,

102 1730 240 1794 quaeque
254 1714 357 1794 fortia,
379 1718 404 1776 si
419 1715 540 1793 liceret,
562 1717 658 1777 forent
677 1725 708 1776 ut
732 1717 801 1776 dura
827 1715 972 1776 molliunt:
994 1717 1033 1776 ita
1048 1733 1103 1779 nos

104 1796 231 1857 habitum
245 1799 339 1878 ipsum
354 1801 492 1860 orationis
507 1801 620 1861 virilem
646 1809 674 1861 et
689 1798 769 1860 illam
783 1801 839 1858 vim
854 1800 955 1858 stricte
969 1799 1102 1859 robuste·

101 1896 161 1958 que
184 1880 297 1942 dicendi
319 1892 420 1945 tonora
445 1883 566 1963 quadam
587 1883 760 1943 elocutionis
782 1891 848 1941 cute
869 1883 1031 1960 operimus,
1062 1890 1102 1958 et,

101 1963 169 2026 dum
190 1963 267 2028 leuia
291 1969 347 2028 sint
370 1985 405 2028 ac
430 1968 532 2044 nitida,
556 1974 691 2045 quantum
713 1965 846 2042 valeant,
869 1963 940 2026 nihil
959 1967 1103 2025 interesse
1213 1985 1219 1998 ·

101 2051 283 2112 arbitramur.
321 2051 379 2112 Sed
401 2051 469 2111 mihi
493 2059 621 2112 naturam
646 2049 765 2109 intuenti
788 2064 872 2108 nemo
895 2065 952 2108 non
972 2051 1017 2111 vir
1037 2067 1102 2128 spa·
1111 2058 1145 2114 19

101 2135 180 2195 done
202 2134 359 2196 formosior
382 2135 452 2210 erit,
474 2152 530 2194 neo
553 2143 610 2193 tam
632 2149 735 2193 aversa
756 2149 879 2210 unquam
902 2130 1046 2193 videbitur
1067 2131 1103 2192 ab

102 2225 204 2296 opera
217 2236 271 2279 suo
292 2217 488 2297 providentia,
512 2228 543 2277 ut
558 2216 693 2278 debilitas
708 2217 783 2276 inter
801 2217 907 2293 optima
924 2217 1039 2276 inventa
1055 2216 1102 2295 sit,

103 2319 159 2360 nec
180 2300 209 2360 id
229 2302 309 2362 ferro
333 2303 498 2379 speciosum
521 2301 582 2360 lieri
603 2299 728 2378 putabo,
754 2299 848 2377 qood,
875 2301 900 2359 si
922 2307 1102 2374 nasceretur,

103 2391 262 2444 monstrum
277 2393 348 2444 erat.
381 2381 538 2442 Libidinem
552 2385 631 2442 iuvet
645 2385 738 2459 ipsum
749 2381 904 2440 elieminati
919 2400 1008 2440 sexus
1024 2397 1102 2440 men·

101 2468 232 2542 dacium,
260 2483 401 2544 nunqnam
429 2474 525 2526 tamen
550 2465 608 2525 hoo
634 2463 782 2540 continget
803 2463 885 2523 malis
905 2462 1032 2523 moribus
1056 2481 1102 2522 re·

101 2567 201 2628 gnum,
217 2558 258 2626 ut,
274 2551 299 2608 si
312 2566 367 2628 qua
383 2549 512 2627 pretiosa
529 2548 616 2623 lecit,
635 2547 740 2607 lecerit
756 2555 784 2605 et
799 2545 885 2605 hona.
917 2546 1147 2625 Quapropterho

104 2633 315 2711 eloquentiam,
332 2631 402 2692 licet
418 2632 492 2692 bano
507 2632 553 2710 (ut
568 2631 662 2690 sentio
679 2631 769 2705 enim,
787 2629 900 2710 dicam)
920 2629 1104 2690 libidinosam

103 2710 241 2795 resupiha
251 2715 401 2796 uoluptate
417 2715 557 2776 auditoria
568 2713 702 2793 probent,
719 2711 825 2772 nullam
838 2730 904 2772 esse
920 2711 1102 2788 existimabo,

102 2815 179 2878 qnae
194 2816 231 2860 ne
246 2801 388 2870 minimum
400 2797 515 2877 quidem
527 2799 554 2856 in
564 2815 597 2857 se
608 2798 742 2859 indicium
753 2794 873 2855 musculi
890 2805 919 2856 et
932 2796 1102 2875 incormpti,

103 2901 140 2943 ne
158 2883 250 2944 dicam
265 2884 363 2961 gravis
380 2892 409 2942 et
424 2882 515 2942 sancti
528 2883 598 2957 viri,
622 2887 758 2952 ostentet.
798 2878 844 2938 An
858 2896 929 2939 vero
947 2885 1142 2941 statuarumht

103 2967 231 3026 artilices
253 2969 443 3046 pictoresque
465 2965 633 3041 clarissimi,
656 2981 720 3023 oum
742 2979 868 3040 corpora
884 2981 969 3043 quam
987 2963 1102 3041 specio·

102 3049 218 3111 sissima
239 3049 372 3128 lingendo
388 3049 572 3129 pingendove
593 3047 714 3108 eiiioere
730 3056 886 3124 cuperent,
908 3063 1051 3125 nunquam
1074 3045 1103 3102 in

104 3133 179 3192 hunc
192 3131 353 3193 inciderunt
368 3151 508 3208 errorem,
523 3141 554 3192 ut
565 3131 693 3210 Ragoam
710 3137 758 3191 aut
772 3128 963 3207 Megabyzum
978 3129 1103 3206 aliquam

103 3217 133 3276 ln
162 3214 325 3294 exemplum
351 3217 449 3293 operis
477 3226 623 3276 sumerent
648 3214 703 3274 sibi
724 3212 777 3272 sed
805 3212 1001 3290 Doryphoron
1023 3209 1103 3271 illum

103 3307 201 3376 aptum
219 3297 268 3359 vel
289 3298 407 3360 militiae
422 3297 471 3358 vel
492 3299 669 3376 palaestrae,
691 3297 813 3358 aliorum
837 3313 953 3375 quoque
970 3297 1103 3354 iuvenum

103 3380 313 3458 bellicosorum
333 3389 363 3442 et
385 3382 556 3442 athletarum
577 3397 702 3460 corpora
731 3377 841 3439 decora
863 3396 935 3439 vare
957 3377 1103 3438 existima·
1199 3427 1202 3437 .

102 3474 223 3526 verunt:
239 3481 304 3543 nos,
321 3465 370 3546 qni
386 3473 533 3526 oratorem
549 3466 696 3525 studemus
713 3459 866 3540 elingere,
883 3479 941 3522 non
956 3477 1033 3522 arma
1051 3457 1105 3520 sed
