2608 3948
405 233 845 303 rnsn.onnuon.n1n.111,a.
1068 223 1125 286 naa

127 393 194 456 duci
205 393 374 472 frequenter
391 392 420 453 in
439 389 568 452 consiliis
585 388 745 466 exordium,
765 391 846 468 quasi
864 391 1054 452 mutuantibus
1070 393 1127 454 boc

126 476 211 537 nobis
236 493 251 536 a
274 475 401 537 iudiciali
421 491 547 553 genere,
569 490 770 551 nonnunquam
791 475 893 550 etiam,
914 482 944 535 ut
964 475 1057 535 minor
1078 494 1127 537 res

126 561 255 620 maiorve
273 561 422 626 videatur;
443 560 471 616 ln
490 557 722 618 demonstrativis
737 573 811 618 vero
823 559 978 636 prooemia.
991 576 1057 618 esse
1069 577 1127 620 ma·

126 646 205 704 xime
227 642 320 704 libera
342 642 496 702 existimat.
533 639 606 700 Nam
628 648 658 700 et
674 639 762 718 longe
777 659 793 702 a
809 642 929 702 materia
951 641 1028 718 duci,
1051 652 1082 703 ut
1101 643 1157 705 ina

126 726 258 787 Helenae
282 725 368 786 laude
390 724 537 785 leocrates
558 724 677 792 lecerit;
707 732 737 784 et
764 725 920 804 exaliqua
944 727 988 787 rei
1010 726 1126 801 vicinia,

126 819 159 870 ut
175 809 251 870 idem
268 811 298 869 in
309 808 501 887 Panegyrico,
524 825 588 868 oum
606 808 734 886 queritur
751 809 817 888 plus
835 809 954 869 honoris
973 825 1129 888 corporum

128 909 215 971 quam
227 893 384 952 animorum
402 891 554 950 uirtutibus
573 892 649 959 dari;
671 899 700 950 et
713 889 836 969 Gorgias
856 894 885 954 in
898 891 1050 972 Olympico
1067 893 1128 954 lau·

128 975 199 1037 dans
221 992 290 1052 eos,
314 976 364 1054 qni
386 975 469 1055 primi
488 975 562 1036 tales
585 976 757 1035 instituerint
774 985 943 1036 conuentus.
978 976 1058 1050 Quos
1082 994 1128 1037 se·

128 1067 211 1120 cutus
236 1059 374 1120 videlicet
399 1056 431 1121 G.
456 1057 610 1120 Sallustius
633 1059 661 1117 iu
683 1056 763 1118 bello
786 1058 955 1135 Iugurthino
977 1069 1007 1120 et
1030 1056 1128 1121 Catili·

127 1159 182 1204 nae
213 1141 282 1203 nihil
311 1142 348 1203 ad
377 1141 526 1202 historiam
556 1139 765 1221 pertinentibus
792 1143 942 1220 principiis
965 1159 1049 1203 orsus
1072 1153 1126 1205 est.

126 1227 186 1288 Sed
207 1244 282 1286 nunc
305 1224 341 1287 ad
363 1225 540 1302 suasoriam,
562 1227 592 1285 iu
615 1242 687 1303 qua,
712 1224 797 1283 etiam
821 1227 1054 1303 eum'prooemio
1077 1229 1173 1288 uti-to

125 1327 198 1385 rnur,
219 1308 357 1370 breviore
371 1318 468 1369 tamen
491 1317 520 1368 et
541 1308 622 1369 uelut
641 1307 765 1386 quodam
783 1307 881 1385 capite
902 1316 1010 1369 tantum
1032 1318 1062 1369 et
1079 1309 1128 1368 ini-

126 1396 167 1454 tio
180 1392 320 1453 debemus
333 1409 400 1452 esse
416 1393 552 1454 contenti.
586 1391 787 1452 Narrationem
798 1407 871 1452 uero
882 1410 1024 1471 nunquam
1037 1393 1129 1470 exigit

127 1477 240 1556 priuata
263 1475 453 1549 deliberatio,
477 1477 539 1536 eius
558 1476 694 1536 duntaxat
711 1476 764 1551 rei,
789 1475 825 1535 de
848 1493 904 1554 qua
926 1475 1047 1539 dicanda
1062 1493 1128 1536 sen·

126 1559 215 1620 tentia
233 1568 292 1627 est;
317 1560 383 1638 quia
397 1574 482 1618 nemo
500 1558 614 1636 ignorat
631 1559 659 1619 id
680 1559 789 1636 dequo
810 1558 945 1620 consulit.
978 1559 1127 1621 Extrinse-
1139 1570 1168 1622 ll

128 1661 179 1705 cus
201 1651 323 1722 possunt
343 1643 516 1722 pertinentia
536 1642 572 1704 ad
589 1641 827 1702 deliberationem
845 1642 933 1704 multa
947 1645 1066 1704 narrari.
1096 1642 1128 1703 ln

128 1725 311 1788 contionibus
337 1742 427 1804 saepe
445 1735 491 1787 est
516 1728 602 1786 etiam
623 1725 688 1801 illa,
711 1743 786 1805 quae
810 1726 940 1788 ordinem
961 1728 1004 1786 rei
1029 1727 1128 1800 docet,

127 1811 304 1891 necessaria.
352 1809 485 1870 Allectus
513 1817 544 1868 ut
572 1826 646 1887 quae
674 1811 797 1869 maxime
824 1810 961 1888 postulat.
1006 1808 1079 1870 llam
1102 1817 1171 1891 etia

129 1892 299 1954 concitanda
320 1902 350 1953 et
369 1893 503 1955 lenienda
521 1892 690 1970 frequenter
708 1901 753 1952 est
769 1894 821 1968 ira,
844 1892 926 1954 etad
943 1901 1060 1968 metum,
1080 1911 1128 1953 cu-

127 1976 286 2056 piditatem,
307 1976 412 2052 odium,
431 1975 674 2052 conciliationem,
687 1975 855 2054 impellendi
870 1977 964 2036 animi.
994 1975 1128 2038 Nonnun-

128 2077 213 2139 quam
232 2060 317 2120 etiam
336 2059 479 2120 mouenda
501 2061 666 2136 miseratio,
686 2060 765 2136 siue,
790 2069 821 2120 ut
837 2059 973 2121 auxilium
996 2059 1127 2120 obsessis

127 2143 253 2220 feratur,
276 2144 400 2205 euadere
418 2142 581 2223 oportebit,
606 2145 668 2204 slve
686 2145 786 2204 sociae
805 2141 928 2205 civitatis
945 2145 1128 2204 eversionem

126 2225 306 2289 delleblmus.
342 2227 429 2288 Valet
456 2236 552 2288 autem
580 2228 608 2287 in
636 2226 765 2288 consiliis
787 2228 943 2288 auctoritas
966 2226 1126 2306 plurimum.

127 2309 199 2370 Nam
219 2318 249 2371 et
276 2311 515 2389 prudentissimus
539 2329 607 2372 esse
635 2311 795 2390 haberique
824 2320 853 2371 et
883 2313 1006 2390 optimus
1030 2310 1172 2384 debet,13

129 2395 176 2470 qui
194 2393 355 2453 sententiae
372 2411 442 2454 suae
460 2394 496 2454 de
516 2394 633 2456 utilibus
652 2405 738 2474 atque
750 2393 880 2454 bonestis
894 2392 1015 2454 credere
1027 2409 1128 2456 omnes

132 2474 209 2537 velit.
243 2475 275 2536 ln
297 2476 410 2537 iudiciis
433 2479 507 2537 enim
526 2477 616 2556 vulgo
640 2478 683 2538 las
706 2475 829 2536 habetur
847 2476 998 2552 indulgere
1022 2476 1129 2555 aliquid

129 2559 224 2620 studio
246 2575 316 2626 suo;
351 2558 472 2620 consilia
497 2577 581 2621 nemo
605 2571 650 2620 cst
671 2561 726 2639 qui,
741 2567 831 2636 neget
853 2558 1010 2619 secuudum
1032 2575 1129 2618 moras

128 2642 199 2704 dari.
904 2666 906 2672 ·

212 2724 389 2788 Graecorum
412 2727 526 2804 quidem
549 2726 663 2807 plurimi
686 2743 771 2786 omne
792 2726 850 2787 boc
874 2725 1001 2786 cilicium
1019 2728 1172 2787 contio-14

33 2865 36 2872 .
126 2810 193 2872 nale
215 2827 283 2870 csse
301 2810 499 2872 iudicauerunt
517 2820 546 2872 et
560 2813 588 2872 in
606 2809 671 2870 sola
687 2808 867 2888 reipublicae
884 2810 1128 2872 administratione

127 2901 296 2974 posuerant.
337 2892 413 2967 Quin
432 2903 461 2955 et
484 2891 589 2956 Cicero
613 2895 641 2955 iu
662 2893 717 2954 bac
739 2894 860 2954 mammo
886 2903 968 2973 parte
984 2903 1127 2955 versatur.

127 2977 256 3057 Ideoque
272 2978 401 3038 suasuris
421 2977 457 3039 de
473 2997 557 3058 pace,
574 2977 672 3054 bello,
696 2977 806 3056 copiis,
829 2977 978 3057 operibus,
998 2979 1127 3054 vectiga-

128 3060 202 3121 libus
223 3060 297 3122 baec
319 3061 376 3122 duo
399 3080 467 3122 esse
490 3065 648 3143 praecipue
670 3070 738 3123 nuta
759 3061 866 3138 voluit,
898 3063 976 3122 vires
1004 3061 1128 3121 civitatis

119 3152 157 3204 et
180 3160 296 3219 mores,
327 3153 358 3203 ut
387 3163 425 3206 ex
445 3155 545 3208 natura
574 3165 638 3208 cum
660 3148 785 3225 ipsarum
802 3163 907 3206 vrerum
930 3153 989 3204 tum
1011 3141 1127 3202 audien·

128 3227 196 3289 tium
223 3228 296 3288 ratio
325 3227 463 3288 suadendi
491 3231 656 3292 duceretur.
700 3227 792 3288 Nobis
814 3229 905 3289 maior
931 3229 993 3286 iure
1015 3223 1171 3288 uidetur15

107 3312 264 3399 uarietas,
288 3327 352 3370 nam
374 3320 404 3372 et
427 3313 648 3374 consultantium
667 3323 696 3374 et
716 3310 903 3372 consiliorum
925 3308 1045 3388 plurima
1064 3317 1129 3368 sunt

127 3411 247 3473 genera.

211 3477 309 3552 Quare
326 3478 355 3537 in
372 3478 400 3538 in
418 3478 565 3540 suadendo
586 3488 616 3540 et
634 3477 828 3540 dissuadendo
850 3478 904 3539 tria
922 3476 1044 3558 primum
1061 3495 1127 3556 spe·

1219 3343 1298 3648 l
