2608 3948
384 207 474 263 insu.
489 206 822 280 onauon.u1n.11‚1t.
1066 206 1106 271 97

100 367 167 432 sibi.
192 363 287 430 Causa
301 365 376 426 enim
391 382 455 426 cum
470 382 568 442 causa,
584 381 644 426 non
656 365 707 426 illa
721 383 820 426 secum
833 367 899 446 ipse
910 371 1101 448 componitur.

103 451 181 526 Nee,
202 452 226 510 si
246 459 375 529 pugnent
393 450 469 510 inter
489 467 538 526 se,
564 451 613 528 qui
628 449 703 510 idem
720 449 895 528 didicerunt,
917 451 1027 513 ideireo
1042 472 1102 533 ars,

102 551 176 613 quae
190 536 306 612 utrique
319 533 423 594 tradita
438 540 494 609 est,
510 549 568 592 non
584 534 651 602 erit;
671 531 780 611 alioqui
795 551 851 594 nec
865 552 1019 613 armorum,
1036 541 1103 616 quia

100 635 192 697 saepe
211 617 391 696 gladiatores
412 616 466 676 sub
482 617 586 679 eodem
602 618 741 693 magistro
762 617 866 679 eruditi
885 620 961 679 inter
977 637 1009 680 se
1025 637 1103 682 com-

99 709 260 781 ponuntur;
285 719 340 761 nec
366 698 561 777 gubernandi,
589 701 655 779 quia
671 701 826 762 ¹navalibus
850 702 973 781 proeliis
996 704 1145 781 guber-tt

99 794 185 846 nator
206 793 253 845 est
272 783 461 862 gubernatori
482 783 637 852 adversum
657 801 713 844 nee
735 786 939 865 imperatoria,
965 788 1032 866 quia
1053 790 1102 849 im·

99 877 220 948 perator
246 886 309 929 eum
332 869 509 946 imperatore
534 867 690 928 contendit.
729 868 801 930 Item
823 886 882 930 non
902 872 1008 931 evertit
1030 888 1103 950 opus

100 953 266 1029 neurim,
288 952 367 1030 quod
388 952 487 1013 elicit.
520 951 627 1032 Neque
641 954 716 1012 enim
730 955 855 1032 positum
870 971 887 1016 a
902 971 935 1014 se
952 972 1103 1032 argumen-

100 1046 160 1098 tum
176 1035 263 1097 solvit
278 1045 377 1098 orator
397 1037 451 1097 sed
471 1053 508 1097 oe
528 1034 677 1097 rhetorice
698 1037 828 1114 quidem,
854 1040 920 1116 qnia
940 1039 1016 1117 apud
1039 1056 1103 1117 eos,

101 1121 192 1199 quiin
208 1119 410 1204 persuadendo
426 1120 512 1182 finem
533 1127 648 1198 putant,
671 1128 719 1179 aut
734 1121 759 1179 si
774 1122 837 1198 quis
859 1120 995 1202 (aidini)
1018 1139 1103 1184 casus

102 1204 175 1264 duos
189 1205 265 1264 inter
279 1221 313 1264 se
328 1203 422 1264 bouos
438 1206 518 1264 viros
537 1205 750 1282 composuerit,
772 1204 941 1266 verisimilia
962 1222 1103 1283 quaeren-

103 1296 163 1356 tur;
185 1303 244 1346 non
258 1297 369 1364 autem,
392 1289 417 1348 si
436 1287 504 1366 quid
523 1296 568 1347 est
583 1287 676 1347 altero
697 1285 879 1364 credibilius,
902 1288 931 1349 id
948 1290 974 1348 ei
990 1299 1103 1350 eontra·

102 1373 174 1430 rium
190 1379 249 1446 est,
273 1371 351 1448 quod
372 1370 425 1431 fuit
445 1370 594 1432 credibile.
627 1369 699 1431 Nam
719 1379 750 1430 ut
771 1370 893 1433 candido
912 1371 1059 1438 candidius
1076 1381 1146 1436 etet

101 1452 180 1513 dulci
195 1453 307 1514 dulcius
321 1469 380 1514 non
393 1461 440 1514 est
453 1454 617 1530 adversum,
631 1456 670 1515 ita
683 1472 739 1515 neo
753 1454 899 1534 probabili
912 1455 1102 1536 probabilius.

101 1535 205 1614 Neque
220 1537 364 1615 praecipit
382 1554 506 1616 unquam
520 1555 579 1598 non
594 1537 715 1612 dicenda
730 1556 787 1600 nco
801 1539 930 1601 dicendis
947 1541 1102 1618 contraria,

102 1620 156 1680 sed
171 1637 245 1699 quae
263 1623 291 1680 io
310 1636 424 1700 quaque
440 1637 527 1682 eausa
546 1621 668 1683 dicenda
688 1623 753 1682 sint.
792 1621 859 1683 Non
878 1641 995 1704 semper
1010 1633 1145 1690 autemst

102 1705 145 1780 ei,
162 1705 273 1764 etiamsi
286 1704 534 1784 frequentissime,
550 1704 656 1766 tuenda
670 1706 778 1767 veritas
793 1708 863 1776 erit;
879 1708 933 1769 sed
948 1707 1102 1787 aliquando

102 1789 193 1865 exigit
210 1789 367 1848 communis
383 1789 508 1865 utilitas,
530 1798 561 1850 ut
577 1791 663 1856 etiam
678 1789 754 1851 laisa
769 1790 915 1852 defendat.

186 1871 332 1932 Ponuntur
345 1872 401 1933 bae
422 1890 539 1952 quoque
558 1874 588 1932 in
609 1873 738 1934 secundo
760 1871 911 1934 Ciceronis
933 1873 970 1936 de
985 1883 1104 1936 oratore

102 1954 176 2016 libro
189 1955 451 2018 contradictiones:
467 1964 565 2020 ortem
578 1975 687 2019 aarum
698 1973 803 2020 rerum
818 1977 894 2036 esee,
910 1975 991 2038 qaue
1001 1959 1103 2020 ocium

100 2045 168 2108 turs
187 2042 322 2104 oratoris
336 2059 453 2104 omnm
467 2041 617 2104 cetimum
630 2041 786 2120 opinions,
808 2061 868 2104 sois
886 2043 1019 2106 scientio
1033 2061 1104 2105 cosv-

99 2124 192 2185 ts'uere‘
200 2167 210 2200 ,
232 2126 306 2203 quia
320 2133 349 2188 et
362 2127 450 2206 opud
464 2142 517 2188 eos
531 2125 633 2202 dicut,
648 2125 702 2204 qui
715 2127 872 2204 ammaon,
894 2134 923 2189 et
935 2128 1004 2207 ipae
1018 2127 1105 2189 dicut

101 2207 286 2286 aliquando,
309 2211 391 2288 quod
405 2211 533 2272 ascedat.
567 2206 615 2269 Ex
633 2209 678 2270 his
691 2209 831 2288 alterum,
853 2209 959 2287 idest,
981 2229 1017 2272 an
1031 2211 1145 2277 sciatd'i

100 2289 203 2366 iudex,
233 2291 270 2352 de
291 2310 348 2371 quo
371 2293 497 2371 dicatur,
527 2292 597 2354 nibil
618 2292 654 2353 ad
673 2296 798 2355 oratoris
820 2302 924 2363 artem;
951 2293 1036 2354 alteri
1057 2311 1103 2353 re·

99 2373 309 2452 spondendum.
345 2374 407 2439 Ars
422 2397 530 2440 eorum
545 2395 650 2440 rerum
665 2386 727 2454 est,
751 2393 831 2456 patae
844 2379 994 2441 emuntur.
1026 2376 1103 2437 Rbe-

99 2457 194 2517 torice
216 2475 263 2518 are
282 2467 327 2518 est
346 2458 421 2520 bene
439 2461 570 2538 dicendi,
592 2459 669 2522 bene
686 2470 781 2522 autem
801 2461 901 2521 dicere
918 2461 974 2520 scit
993 2468 1101 2520 orator.

98 2539 165 2602 Sed
179 2543 293 2618 assat,
316 2561 358 2604 aa
371 2561 477 2606 oerum
493 2545 548 2621 sit,
573 2546 656 2623 quod
670 2545 753 2606 dicit.
784 2541 830 2603 Ne
850 2543 880 2602 hi
899 2543 1031 2621 quidem,
1055 2544 1146 2621 quide

97 2627 196 2703 iguem
215 2633 264 2686 aut
283 2641 386 2703 aquam
407 2635 454 2686 aut
472 2637 609 2707 quattuor
624 2627 767 2688 elementa
781 2635 831 2688 aut
851 2641 976 2704 corpora
990 2626 1103 2688 inseca-

98 2707 168 2769 bilia
189 2727 273 2786 esse,
294 2727 333 2770 ex
355 2709 458 2788 quibus
480 2727 529 2771 res
553 2725 652 2770 omnes
671 2711 780 2770 initium
803 2708 954 2785 duxerint,
977 2707 1102 2786 tradunt,

99 2810 154 2852 nec
170 2794 219 2871 qui
240 2793 394 2855 intervalla
415 2793 541 2854 siderum
557 2800 587 2852 et
598 2810 748 2853 mensuras
766 2791 838 2853 solis
856 2811 891 2855 ao
906 2802 1003 2854 terrae
1018 2794 1102 2856 oolli-

97 2885 183 2954 gunt;
207 2876 388 2956 disciplinam
410 2885 506 2938 tameo
526 2893 608 2938 suam
628 2885 719 2937 artem
737 2885 852 2938 vocant.
893 2875 1006 2952 Quodsi
1028 2880 1102 2940 ratio

98 2959 204 3035 elicit,
228 2969 259 3020 ut
283 2960 357 3022 baec
378 2978 436 3022 nou
458 2962 573 3042 opinari
599 2959 651 3022 sed
674 2969 797 3041 propter
815 2961 873 3022 vim
900 2961 1103 3041 probationum

98 3044 176 3102 scire
190 3044 357 3128 videantur:
380 3046 482 3108 eadem
501 3047 575 3106 ratio
596 3044 672 3107 idem
691 3054 843 3123 praestare
863 3049 973 3107 oratori
992 3053 1099 3125 potest.

98 3123 165 3186 Sed
184 3145 226 3188 ou
247 3147 345 3190 ceusu
366 3148 443 3192 vero
462 3132 518 3207 sit,
542 3130 650 3192 asset.
690 3126 736 3190 Ne
755 3129 885 3191 medicus
906 3129 1036 3209 quidem,
1065 3142 1143 3198 anan

99 3209 231 3270 dolorem
248 3213 351 3289 capitis
365 3211 481 3290 babeat,
497 3214 545 3291 qui
560 3212 617 3273 boe
632 3230 665 3272 se
681 3215 741 3292 pati
755 3213 848 3283 dioet3
868 3212 979 3274 curabit
994 3219 1099 3287 tamen,

99 3303 234 3371 tanquam
258 3293 287 3356 id
311 3312 411 3355 verum
432 3297 486 3372 sit,
509 3304 539 3356 et
563 3299 618 3357 erit
639 3314 686 3358 ars
705 3297 856 3358 medicina.
900 3291 995 3369 Quid?
1023 3294 1102 3373 quod

100 3377 248 3438 rhetorice
269 3394 328 3437 non
341 3380 440 3457 utique
462 3381 642 3458 propositum
661 3378 750 3440 babet
766 3397 884 3458 semper
900 3396 971 3438 vera
986 3376 1101 3440 dcendi

100 3461 153 3522 sed
178 3478 295 3542 semper
320 3462 506 3540 verisimilia,
535 3464 590 3525 scit
616 3473 711 3526 autem
737 3481 807 3524 esse
831 3461 998 3524 verisimilia
1025 3477 1101 3542 quae

142 3567 172 3607 nr.
186 3570 208 3610 s,
223 3566 336 3614 curnam.
930 3546 948 3604 7
