2570 3946
387 197 804 267 rusu.onauoa.u1a.1,t.
1057 189 1102 252 39

94 365 199 426 verunt
219 357 269 418 illa
292 374 410 436 quoque
432 356 575 419 servanda
596 356 776 430 discrimina,
798 363 829 414 ut
846 373 887 416 ec·
903 357 1097 434 praepositio·

93 437 176 517 uem,
200 444 224 501 si
246 441 366 501 verbum
388 450 562 519 sequeretur
587 448 708 528 specto,
729 439 843 500 adlecta
869 441 1015 501 secundae
1038 441 1096 516 syl-

93 526 179 588 labae
194 546 211 586 s
224 526 336 602 littera,
363 527 387 584 si
407 535 512 604 pecto,
534 533 645 584 remota
667 522 872 583 scriberemus.
906 523 961 585 llla
981 529 1127 602 quoque5'

92 619 211 670 servata
234 619 313 669 esta
335 609 431 668 multis
449 609 626 682 dillerentia,
647 616 678 667 ut
699 607 759 683 od,
783 625 846 666 cum
869 617 949 667 esset
972 624 1096 686 praepo·

92 696 179 769 sitio,
203 692 381 768 dlitteram,
406 710 469 752 cum
484 702 578 752 autem
595 693 777 767 coniunctio,
800 700 811 751 t
828 693 992 769 acciperem
1016 693 1096 752 item·

93 797 152 856 que
168 798 253 853 cram,
276 779 300 837 si
316 787 429 855 tempus
445 777 634 853 signiticaret,
657 793 712 854 per
727 775 768 851 Q,
792 776 816 834 si
832 778 982 852 comitem,
1006 793 1060 854 per
1073 773 1111 836 θ’

93 881 130 922 ac
147 861 217 924 duas
236 870 392 940 sequentes
410 860 596 920 scriberetur.
629 857 791 937 Frigidiora
809 858 941 936 his-alia,
960 870 991 920 ut
1007 861 1122 940 quint-o

93 947 172 1024 quid
192 965 209 1006 c
229 955 355 1024 quartam
376 943 515 1022 haberet,
539 963 575 1004 ne
595 946 777 1020 interrogare
799 943 844 1002 bis
865 944 1044 1014 videremur;
1067 953 1097 1004 et

92 1031 229 1108 quotidie
249 1047 306 1089 non
324 1031 452 1106 cotidie,
474 1037 504 1087 ιιι
527 1031 563 1088 sit
580 1037 652 1106 quot
673 1029 791 1089 diebus.
824 1026 932 1089 Verum
953 1028 1026 1089 haec
1041 1029 1095 1088 iam

93 1115 179 1174 etiam
194 1115 270 1176 inter
283 1116 362 1192 ipsas
379 1115 504 1191 ineptias
520 1121 707 1172 evanuerunt.
741 1109 850 1182 Quaeri
867 1111 960 1188 solet,
980 1115 1008 1171 in
1024 1113 1121 1172 scri-l

91 1198 190 1258 bendo
206 1200 440 1276 praepositiones
456 1213 567 1272 sonum,
582 1213 666 1274 quem
680 1197 794 1254 iunctae
810 1193 948 1270 efficiunt,
961 1213 997 1254 an
1010 1212 1096 1274 quem

92 1292 263 1360 separatae,
288 1281 447 1343 observare
468 1281 636 1340 conveniat:
660 1288 707 1353 ut,
727 1295 790 1337 cum
806 1278 871 1339 dico
887 1279 1030 1356 obtinuit,
1049 1298 1095 1338 se·

92 1367 215 1426 cuniam
233 1367 337 1428 enimb
355 1366 479 1426 litteram
497 1367 571 1425 ratio
589 1365 702 1442 poscit,
722 1380 807 1422 aures
820 1364 911 1439 magis
927 1362 1044 1424 audiunt
1052 1381 1096 1443 μς

93 1459 123 1510 et
140 1451 299 1527 immonis,
319 1449 388 1510 illud
409 1451 498 1524 enim,
520 1449 597 1526 quod
615 1449 722 1508 veritas
738 1448 844 1524 exigit,
869 1449 1018 1525 sequentis
1036 1447 1121 1524 syl-8

92 1533 179 1594 labae
202 1549 275 1592 sono
299 1535 404 1592 victum
426 1552 455 1592 m
476 1534 589 1609 gemina
613 1539 809 1592 commutatur.
847 1529 901 1590 Est
924 1540 952 1590 et
971 1533 1002 1590 in
1024 1532 1122 1593 divi-9

92 1617 194 1679 tendis
207 1617 304 1677 verbis
319 1617 502 1692 observatio,
515 1616 636 1676 mediam
649 1615 772 1675 litteram
786 1624 993 1675 consonantem
1005 1616 1096 1693 priori

92 1720 127 1761 an
141 1703 274 1779 sequenti
288 1700 419 1777 syllabae
431 1701 587 1778 adiungas:
607 1717 746 1777 aruspex
756 1699 848 1774 emm,
869 1701 935 1777 quia
952 1700 1095 1777 perseius

91 1787 240 1864 posterior
259 1803 275 1845 a
297 1787 465 1864 spectando
487 1794 548 1858 est,
571 1805 588 1846 e
607 1783 731 1844 litteram
751 1784 853 1841 tertiae
877 1781 969 1850 dabit;
992 1783 1095 1846 obste-

92 1870 186 1945 miua,
206 1871 273 1947 quia
290 1887 327 1928 ex
344 1869 514 1948 abstinentia
528 1869 628 1929 temeti
647 1865 808 1943 composita
827 1882 886 1925 vox
906 1872 966 1942 est,
985 1868 1095 1944 primae

91 1953 247 2030 relinquet.
288 1951 359 2012 Nam
381 1952 407 2011 ll
427 1952 541 2029 quidem
570 1954 597 2011 in
619 1951 706 2010 nullis
729 1948 827 2008 verbis
849 1949 984 2010 utendum
1013 1951 1138 2028 puto,10

92 2038 146 2096 nisi
172 2054 246 2115 quae
275 2036 438 2114 significat,
469 2038 554 2096 etiam
582 2045 612 2096 ut
634 2034 698 2094 sola
720 2042 852 2112 ponatur.
891 2033 955 2093 lloc
977 2017 1014 2093 eo
1037 2050 1095 2093 non

93 2123 176 2180 omisi
184 2167 192 2196 ,
214 2121 420 2199 quodquidam
440 2138 519 2195 eam,
540 2121 673 2198 quotiens
688 2117 714 2177 Α
729 2127 883 2198 sequatur,
899 2119 1095 2178 necessariam

93 2204 228 2280 credunt,
249 2223 311 2264 cum
325 2207 361 2264 sit
375 2203 398 2265 G
413 2204 524 2280 littera,
543 2223 616 2282 quae
635 2203 671 2263 ad
689 2219 789 2262 omnes
806 2202 926 2263 vocales
944 2203 1001 2261 vim
1015 2219 1094 2260 suam

91 2288 231 2367 perierat.

175 2372 283 2431 Verum
307 2373 514 2450 orthographia
530 2389 647 2450 quoque
665 2370 865 2431 consuetudini
882 2371 988 2445 servit,
1012 2369 1143 2428 ideo-11·

92 2473 150 2533 que
173 2472 264 2532 saepe
282 2465 388 2514 mutata
410 2466 464 2516 est.
503 2454 575 2515 Nam
597 2454 648 2516 illa
668 2455 864 2514 vetustissima
885 2463 1001 2514 transeo
1024 2462 1095 2512 tem·

94 2556 183 2618 pora,
211 2537 314 2616 quibus
338 2548 366 2598 et
391 2541 545 2616 pauciores
573 2538 688 2618 litterae
710 2557 765 2599 nec
788 2535 897 2596 similes
920 2537 964 2596 his
986 2537 1094 2594 nostris

93 2640 191 2683 earum
217 2622 328 2681 formae
354 2622 468 2681 luerunt
498 2632 527 2682 et
548 2624 593 2682 vis
616 2641 733 2701 quoque
760 2622 891 2694 diversa,
923 2621 998 2680 sicut
1019 2619 1095 2697 apud

93 2707 223 2768 Graecos
249 2703 274 2767 0
295 2706 425 2781 litterae,
449 2724 524 2784 quae
545 2707 657 2766 interim
678 2706 767 2782 'longa
790 2723 825 2764 ac
846 2703 952 2764 brevis.
968 2712 998 2762 ut
1018 2702 1093 2782 apud

46 2785 49 2793 ’
93 2807 162 2866 nos,
186 2791 300 2850 interim
317 2807 371 2868 pro
394 2791 506 2866 syllaba
527 2807 610 2868 quam
631 2792 745 2850 nomine
767 2806 819 2849 suo
843 2789 977 2867 exprimit
998 2789 1094 2866 posita

93 2883 152 2941 est:
173 2883 203 2934 ut
221 2873 328 2933 latinis
350 2875 499 2934 veteribus
516 2873 544 2934 D
563 2874 694 2952 plurimis
716 2875 744 2933 in
765 2873 864 2934 verbis
888 2870 1136 2932 adiecerunt-12

91 2960 204 3033 timum,
220 2959 297 3034 quoti
310 2959 492 3019 manifestum
504 2967 549 3018 est
563 2960 648 3018 etiam
663 2977 700 3019 ex
713 2957 845 3020 columna
858 2963 999 3032 rostrata,
1019 2973 1093 3034 quae

93 3050 138 3101 est
154 3040 272 3101 Duellio
294 3044 321 3101 in
344 3044 408 3102 loro
431 3045 544 3121 posita:
567 3043 678 3102 interim
701 3044 876 3122 unoque,
900 3049 931 3100 ut
951 3043 979 3100 in
1000 3038 1092 3116 pulvi·

92 3127 153 3184 nari
168 3125 262 3197 Solis,
282 3129 330 3203 qui
349 3127 455 3186 colitur
467 3129 546 3186 iuxta
567 3128 669 3187 aedem
683 3127 809 3203 Quirini,
829 3144 997 3204 vesperae,
1016 3121 1093 3199 quod

91 3210 319 3286 nesperupinem
348 3212 515 3289 accipimus.
557 3209 603 3270 De
632 3213 788 3271 mutatione
811 3213 896 3271 etiam
923 3207 1092 3280 litterarum,
1102 3209 1138 3264 13

90 3293 127 3353 de
150 3309 206 3371 qua
225 3309 312 3370 supra
334 3293 407 3369 dixi,
430 3295 499 3354 nibil
518 3304 654 3372 repetere
671 3295 718 3355 bic
737 3312 862 3354 necesse
883 3300 944 3367 est,
965 3290 1093 3350 fortasse

91 3379 164 3435 enim
188 3378 262 3436 sicut
284 3376 450 3439 scribebant
472 3381 556 3440 etiam
582 3378 784 3457 loquebantur.
820 3373 1019 3438 semivocales
1042 3378 1138 3452 gela

90 3462 198 3520 minare
226 3461 272 3520 diu
295 3478 353 3521 non
380 3461 433 3522 luit
455 3464 632 3523 usitatissimi
658 3464 763 3536 moris,
793 3469 920 3541 atquae
947 3460 1093 3520 contrario
