2570 3946
395 219 485 268 ruso.
499 216 811 283 onuuon.1.1n.1,a.
1019 232 1024 238 ·
1070 205 1109 267 13

103 379 183 442 liciis
208 375 357 438 solvimus.
403 372 501 434 hlollis
526 373 577 434 illa
607 371 760 447 educatio,
795 389 879 449 quam
902 371 1109 450 indulgentiam

104 479 262 538 vocamus,
294 474 401 520 nervos
424 474 524 518 omnes
545 457 648 517 mentis
671 465 701 517 et
721 457 855 535 corporis
875 454 991 534 irangit.
1033 455 1109 530 Quid

106 564 166 608 nou
186 544 300 606 adultus
322 543 528 622 concupiscet,
558 541 606 619 qui
628 541 657 600 iu
680 541 816 619 purpuris
837 536 935 618 repit?
976 538 1109 600 Nondum

103 631 197 710 prima
213 628 303 688 verba
320 627 465 706 exprimit,
482 626 538 686 iam
553 641 678 703 coquum
691 623 842 702 intelligit,
858 625 914 684 iam
927 622 1110 698 conchylium

104 715 214 793 poscit.
255 711 332 770 Ante
355 708 483 788 palatum
509 724 608 768 eorum
630 724 714 787 ιιιιιιιι
739 708 1039 768 moresinstituimus.
1078 705 1134 767 lut

1 797 2 802 ’
103 797 223 858 lecticis
245 801 396 862 crescunt;
422 793 448 852 si
465 800 572 853 terram
593 793 759 869 attigerint,
786 809 803 851 e
824 791 953 852 manibus
975 793 1110 870 utrinque

107 879 309 940 sustinentiam
324 876 462 956 pendent.
493 875 674 952 Gaudemm,
696 878 721 936 si
740 875 808 955 quid
823 875 958 936 licentius
974 875 1108 936 dixerint.

105 962 206 1024 Verba
225 981 262 1023 ne
284 960 489 1022 Alexandrinis
510 960 625 1039 quidem
646 959 838 1038 permittenda
861 959 975 1021 deliciis
998 961 1058 1020 risu
1081 969 1111 1020 et

107 1047 212 1108 osculo
238 1047 408 1124 excipimus.
452 1043 516 1104 Neo
540 1046 657 1112 mirum;
686 1060 741 1103 nos
767 1043 935 1120 docuimus,
962 1061 1001 1104 ex
1025 1042 1110 1104 nobis

106 1131 235 1192 audiunt.
266 1128 389 1189 Nostras
410 1130 534 1204 amicas,
555 1136 674 1188 nostros
694 1126 872 1188 concubinos
892 1127 1008 1203 rident,
1026 1135 1136 1192 omnes

108 1215 271 1276 convivium
290 1212 426 1275 obscenis
442 1213 562 1273 canticis
580 1212 699 1290 strepit,
722 1209 856 1288 pudenda
877 1210 956 1271 dictu
977 1219 1110 1289 spectan-

105 1309 163 1360 tur.
204 1297 251 1359 Fit
276 1315 313 1358 ex
334 1297 379 1357 his
406 1295 587 1357 consuetudo
610 1294 714 1355 deiude
735 1303 845 1354 natura.
889 1293 1012 1354 Discunt
1037 1293 1112 1355 haec

106 1383 223 1458 miseri,
246 1390 400 1459 autequam
421 1382 513 1441 sciant
533 1381 602 1440 vitia
623 1396 706 1448 esse;
727 1377 795 1438 inde
821 1378 909 1439 soluti
931 1394 967 1438 ao
987 1375 1111 1438 fluentes

106 1483 167 1525 aon
187 1465 334 1543 accipiunt
354 1481 393 1523 ex
412 1463 522 1524 scholis
541 1462 616 1524 mala
636 1463 691 1522 ista
712 1462 814 1525 sedin
836 1461 954 1523 scholas
975 1461 1108 1522 afferunt.

193 1547 303 1607 Verum
324 1548 353 1607 in
371 1547 472 1607 studiis
489 1547 581 1623 magis
602 1544 717 1606 vacabit
731 1564 803 1607 unus
824 1549 883 1607 uni.
917 1544 995 1606 Ante
1017 1548 1134 1610 omniab

107 1632 179 1694 nihil
195 1630 331 1711 prohibet
352 1647 420 1690 esse
440 1630 520 1690 illum
541 1631 641 1690 nescio
664 1647 749 1708 quem
768 1648 853 1691 unum
874 1631 960 1692 etiam
981 1647 1045 1690 cum
1060 1645 1108 1706 eo,

110 1718 158 1795 poi
180 1717 209 1775 in
230 1714 340 1776 scholis
366 1715 504 1775 eruditur.
548 1713 607 1775 Sed
633 1715 744 1775 etiamsi
770 1715 848 1792 iungi
873 1723 1026 1793 utrumque
1051 1731 1110 1775 non

104 1807 227 1880 posset,
252 1799 348 1860 lumen
368 1808 464 1859 tamen
484 1796 557 1858 illud
578 1807 738 1858 conventus
758 1797 955 1858 honestissimi
978 1796 1108 1858 tenebris

105 1901 143 1945 ac
157 1882 304 1943 solitudini
319 1883 532 1960 praetabssenr.
563 1879 635 1941 Nam
652 1883 776 1960 optimus
792 1883 915 1959 quisque
931 1889 1109 1959 praeceptor

106 1965 272 2044 frequentia
286 1965 394 2042 gaudet
408 1983 443 2026 aa
457 1966 567 2025 maiore
583 1981 617 2023 se
631 1963 745 2024 theatro
760 1962 876 2041 dignum
891 1971 986 2042 putat,
1005 1971 1035 2023 at
1047 1962 1111 2023 iere
1120 1971 1154 2022 lo

106 2053 234 2110 minores
256 2068 294 2110 ex
318 2051 497 2110 conscientia
516 2065 587 2109 suae
608 2047 778 2107 infirmitatis
798 2048 921 2107 haerare
942 2045 1064 2124 singulis
1082 2057 1111 2108 et

107 2134 207 2194 cilicio
229 2133 310 2211 iungi
334 2132 545 2213 quodammodo
570 2132 810 2210 paedagogorum
834 2146 893 2189 non
917 2131 1107 2208 indignantur.

107 2217 168 2278 Sed
188 2225 320 2297 praestet
340 2216 427 2279 alicui
448 2217 497 2277 rel
516 2217 609 2294 gratia
629 2215 679 2275 vel
701 2215 824 2294 pecunia
844 2212 894 2273 vel
916 2215 1055 2290 amicitia,
1078 2221 1152 2274 utll

107 2300 305 2363 doctissimum
326 2310 412 2379 atque
433 2299 689 2379 incomparabilem
707 2299 874 2375 magistrum
896 2296 972 2358 domi
989 2295 1109 2358 haheat:

106 2403 174 2444 num
192 2394 288 2445 tamea
307 2385 359 2444 ille
380 2393 471 2445 totum
490 2385 520 2443 in
541 2400 598 2444 uno
618 2382 693 2443 diem
714 2390 935 2460 consumpturus
957 2378 1025 2442 esti
1063 2390 1111 2441 aut

107 2475 209 2546 potest
227 2484 294 2526 esse
312 2467 373 2526 ulla
393 2477 450 2528 tam
471 2476 613 2546 perpetua
633 2466 772 2528 discentis
794 2467 931 2541 intentio,
956 2481 1031 2543 quae
1052 2480 1111 2524 non

106 2551 234 2610 utrisne
248 2548 399 2609 oculorum
413 2549 514 2609 obtutu
530 2552 665 2610 continuo
681 2545 839 2626 fatigetur?
861 2566 924 2608 cam
939 2549 1111 2626 praesertim

107 2633 199 2694 multo
223 2632 288 2711 plus
310 2633 419 2692 secreti
438 2629 692 2711 temporis'studia
710 2631 887 2693 desiderent.
918 2630 1023 2710 Neque
1039 2631 1152 2694 enimls

107 2717 265 2793 scribenti,
289 2716 448 2791 ediscenti,
477 2719 616 2794 cogitanti
637 2723 816 2795 praeceptor
836 2716 962 2792 assistit,
990 2731 1111 2793 quorum

107 2799 217 2879 aliquid
239 2799 392 2879 agentibus
414 2800 610 2878 cuiuscunque
629 2800 807 2860 interventus
829 2798 1033 2880 impedimento
1053 2808 1108 2860 est.

108 2883 208 2945 Lectio
233 2901 350 2965 quoque
371 2900 429 2945 uon
449 2885 541 2944 omnis
561 2901 616 2944 nec
637 2901 754 2963 semper
775 2893 935 2964 praeeunte
954 2883 1004 2945 vel
1022 2885 1109 2946 inter·

108 2977 242 3047 pretante
263 2978 342 3047 eget.
388 2967 509 3042 Quando
536 2969 611 3028 enim
635 2976 679 3028 tot
704 2978 855 3030 auctorum
879 2969 979 3030 notitia
1000 2969 1109 3029 contin·

109 3049 215 3129 geretl
241 3051 387 3113 llodicam
403 3067 476 3130 ergo
491 3061 605 3132 tempus
625 3060 689 3128 est,
713 3051 816 3132 quoin
834 3061 925 3115 totum
940 3051 1015 3112 diem
1028 3049 1110 3110 velut

111 3151 185 3212 opus
206 3135 363 3195 ordinetur.
390 3135 521 3215 ideoque
536 3154 591 3215 per
610 3135 710 3214 plures
731 3138 776 3197 ire
792 3145 915 3216 possunt
935 3135 1021 3194 etiam
1035 3132 1153 3210 quaeld

109 3217 232 3295 singulis
258 3218 395 3279 tradenda
420 3227 495 3279 sunt.
544 3219 690 3298 Pleraque
713 3236 786 3281 vero
811 3218 885 3281 hanc
910 3215 1110 3277 condicionem

1 3315 4 3322 ·
109 3300 234 3378 habent,
255 3309 286 3360 nt
302 3300 403 3362 eadem
420 3319 496 3363 voce
516 3303 551 3364 ad
573 3319 673 3364 omncs
689 3303 774 3365 simul
789 3303 981 3381 perferantur.
1010 3295 1109 3360 'laceo

109 3385 147 3446 de
163 3384 366 3464 partitionibus
387 3393 416 3444 et
438 3384 696 3447 declamationibus
717 3385 881 3461 rhetorum,
903 3381 1006 3462 quibm
1027 3393 1110 3444 certe

110 3477 348 3550 quantuscunque
372 3486 507 3530 numerus
526 3469 712 3546 abhibeatur,
735 3478 830 3529 tamen
850 3468 1047 3548 uuusquisque
1064 3475 1109 3528 to·
