2592 3940
217 191 281 260 284
533 205 898 266 rumanomrrnmraur

489 361 492 366 “
515 359 694 413 baruntulo
713 361 756 414 ET
775 359 932 416 consulo.

300 439 337 502 V.
368 440 419 502 tiit
441 459 495 520 pro
517 452 617 506 nostra
640 441 780 506 facultate
803 444 932 506 traotatis
957 461 1015 504 non
1041 445 1235 510 dubitassem

215 527 340 586 hunsire
357 525 487 605 protinus
503 527 539 587 ad
556 527 792 607 dispositionem,
815 544 891 605 quaa
912 527 1013 590 ordine
1035 531 1100 608 ipso
1122 534 1234 610 seqni-

215 617 279 684 tur,
302 609 356 669 nisi
375 627 512 686 vererer,
534 627 588 687 ne,
610 612 745 690 quoniam
761 609 894 686 fuerunt,
916 613 964 689 qui
984 612 1169 676 iudicium
1186 616 1233 677 in-

214 694 344 753 ventioni
366 692 594 770 subiungerent,
618 693 797 772 praeterisse
823 692 899 754 hune
921 693 1018 755 locurn
1046 697 1230 775 quibusoam

214 775 342 854 viderer,
359 778 486 856 quirnea
502 776 617 856 quidem
635 777 771 856 opinione
783 776 858 838 odeo
874 777 1003 857 partibus
1021 783 1121 859 operis
1137 780 1231 844 huius

216 859 348 920 omnibns
372 877 521 920 connexus
544 877 580 920 ao
601 861 706 922 mixtus
725 870 788 938 est,
806 869 837 920 ut
851 879 889 921 ne
904 879 922 922 a
937 864 1087 923 sententiis
1104 863 1230 942 quidem

216 951 265 1004 ant
285 942 384 1003 verbis
405 942 509 1004 saltem
530 943 652 1022 singulis
673 946 767 1024 possit
788 946 936 1024 separari,
958 963 1014 1010 neo
1035 949 1128 1025 magis
1159 957 1229 1010 arte

184 1026 337 1086 arroditur
359 1043 443 1105 quarn
467 1036 569 1105 gustus
594 1037 642 1088 aut
664 1025 747 1088 odor.
783 1027 914 1108 Ideoque
930 1047 1000 1107 nos,
1021 1031 1089 1110 quid
1105 1032 1136 1090 in
1153 1049 1228 1112 qna·

215 1127 272 1189 qus
292 1127 326 1169 re
350 1111 530 1190 sequendum
551 1110 768 1191 cavendumque
786 1113 839 1188 sit,
862 1112 1000 1173 dooemns
1023 1132 1059 1175 ao
1078 1115 1226 1196 deinceps

214 1191 401 1271 docebimus,
422 1202 455 1255 nt
475 1193 511 1255 ad
536 1212 572 1255 ea
593 1195 728 1256 iudioinrn
743 1195 890 1274 dirigatur.
925 1195 1106 1278 Praecipiam
1121 1200 1224 1278 igitur,

214 1295 267 1354 ne,
293 1277 370 1356 quod
392 1277 471 1338 eidoi
494 1295 552 1338 non
572 1287 688 1357 potest,
704 1280 924 1358 aggrediamur,
939 1289 970 1341 ut
988 1283 1133 1342 contraria
1148 1285 1223 1342 vite-

213 1377 275 1421 mus
292 1369 322 1420 et
337 1363 507 1438 eommunia,
519 1379 556 1422 ne
568 1363 636 1442 quid
647 1363 676 1422 in
691 1361 857 1442 eloquendo
870 1372 1047 1450 oorrnpturn,
1064 1363 1223 1426 obscurum

214 1441 272 1507 siti
286 1443 443 1506 Referator
458 1453 576 1525 oportet
592 1446 757 1521 adsensus,
774 1447 823 1524 qui
840 1463 898 1506 non
915 1447 1066 1510 docentur.

186 1539 204 1596 3
299 1527 364 1590 Neo
384 1528 503 1590 multum
525 1547 542 1590 a
565 1528 672 1590 iudioio
696 1529 787 1592 oredo
800 1529 908 1590 distare
932 1531 1147 1607 consilium,
1166 1531 1223 1592 nisi

215 1612 294 1692 quod
308 1611 380 1673 illud
396 1612 617 1674 ostendentibus
639 1632 673 1674 se
693 1613 782 1676 rebus
797 1611 968 1690 adhibetur,
989 1615 1047 1675 hoo
1062 1613 1222 1675 latentibus

214 1705 244 1758 et
261 1705 311 1758 aut
324 1698 439 1757 omnino
455 1697 580 1759 nondum
603 1700 729 1778 repertis
751 1707 799 1758 aut
819 1697 922 1758 dubiis.
952 1697 990 1757 Et
1003 1697 1139 1758 indicium
1159 1699 1220 1758 ire·

214 1780 403 1861 quentissime
426 1789 536 1841 oertnrn
557 1790 618 1858 est,
645 1781 796 1844 eonsilium
818 1799 891 1842 vero
915 1791 959 1842 est
981 1783 1055 1842 ratio
1077 1782 1220 1859 quaedam

213 1864 273 1926 uite
291 1866 382 1944 petita
399 1873 429 1926 et
443 1863 616 1944 plerumque
631 1865 714 1945 plura
729 1864 915 1946 perpendens
937 1874 967 1925 et
982 1881 1153 1944 comparans
1168 1865 1219 1925 ha·

187 1947 348 2028 ebenoque
368 1950 396 2009 in
416 1964 451 2009 se
473 1957 504 2008 et
524 1949 719 2010 Inventionem
741 1957 770 2010 et
791 1949 1004 2009 iudicationem.
1042 1947 1101 2010 Sed
1122 1967 1159 2009 ne
1182 1949 1218 2009 de

214 2032 271 2093 hoe
289 2032 405 2110 quidem
419 2042 580 2112 praecepta
602 2034 631 2092 in
648 2035 813 2094 universum
829 2032 1012 2112 expectanda
1032 2041 1107 2093 sunt.
1145 2029 1218 2093 Nam

215 2133 306 2177 exre
328 2116 465 2191 sumitur,
489 2117 571 2177 ouius
594 2117 679 2178 ioons
702 2126 768 2177 ante
798 2117 942 2178 actionem
963 2124 1009 2174 est
1032 2116 1214 2192 frequentem

130 2239 135 2250 ·
213 2215 278 2259 narn
301 2195 407 2257 Gioero
429 2215 540 2258 summo
564 2200 688 2260 oonsilio
708 2200 823 2260 videtur
842 2201 873 2259 in
892 2199 1014 2258 Verrem
1032 2197 1082 2258 vel
1104 2205 1215 2257 eontra·

213 2281 286 2342 here
301 2289 434 2360 tempora
450 2279 565 2342 dicendi
576 2281 713 2343 maluisse
732 2299 817 2362 quam
831 2285 861 2343 in
873 2301 938 2344 eunr
954 2299 1067 2357 annum,
1086 2297 1142 2358 quo
1156 2290 1217 2342 erat

185 2365 250 2440 60.
267 2364 438 2426 Hortensius
457 2365 559 2426 oonsul
579 2365 709 2443 futurus,
732 2366 872 2426 inoidere.
910 2364 948 2424 Et
964 2367 994 2424 in
1009 2365 1080 2445 ipsis
1099 2366 1214 2424 notioni·

214 2449 268 2509 bus
284 2451 405 2528 primunr
422 2466 458 2509 ao
473 2451 703 2528 potentissimum
725 2448 835 2510 obtinet
856 2449 969 2519 loourn;
989 2465 1072 2524 nam,
1095 2447 1159 2525 quid
1173 2448 1214 2508 di·

216 2533 354 2609 nendum,
374 2531 442 2612 quid
457 2533 626 2609 tacendum,
646 2533 712 2612 quid
729 2531 918 2593 differendum
935 2533 990 2609 sit,
1007 2532 1127 2610 exigere
1147 2546 1212 2590 oon·

215 2615 272 2677 silii
289 2625 350 2686 est;
366 2633 477 2694 negare
492 2619 529 2677 sit
540 2618 611 2678 satis
624 2616 659 2678 an
672 2615 843 2692 defendere,
859 2616 908 2676 ubi
921 2616 1072 2693 prooemio
1084 2613 1212 2675 utendum

216 2709 246 2761 ot
261 2700 349 2779 quali,
368 2700 577 2762 narrandumne
594 2710 624 2762 et
639 2700 797 2780 quomodo,
811 2702 875 2760 iure
890 2700 970 2779 prius
986 2698 1165 2779 pugnandum
1179 2715 1213 2758 an

215 2801 328 2864 aequo,
353 2785 401 2863 qni
416 2785 455 2845 sit
468 2785 541 2846 ordo
554 2785 741 2862 utilissimus,
764 2793 824 2844 tum
836 2801 936 2844 omnes
955 2783 1090 2858 oolores,
1113 2799 1212 2860 aspere

186 2883 252 2938 ean
275 2866 382 2928 leniter
413 2885 449 2928 an
471 2871 557 2930 etiarn
588 2870 740 2929 summisse
761 2868 841 2948 loqui
867 2869 1012 2946 expediat.
1062 2866 1120 2928 Sed
1143 2866 1211 2924 haee

216 2967 344 3031 quoqne,
360 2959 392 3012 nt
409 2953 533 3032 quisque
547 2970 653 3032 passus
669 2961 715 3014 est
730 2951 832 3027 loona,
849 2952 1018 3026 monuimus,
1039 2949 1169 3028 idemque
1185 2949 1212 3008 in

215 3034 330 3114 reliqua
344 3044 428 3116 parte
442 3035 598 3106 iaciemus3
620 3055 714 3116 panea
734 3045 830 3097 tamen
851 3034 977 3113 exempli
993 3036 1088 3112 gratia
1104 3049 1210 3113 ponan,

217 3119 320 3199 quibus
331 3120 510 3181 manifestius
522 3130 674 3201 appareat,
691 3120 759 3201 qnid
771 3123 818 3197 sit,
835 3118 914 3199 quod
925 3117 1115 3180 demonstrari
1129 3132 1212 3195 posse

188 3205 386 3284 apraeoeptis
409 3222 467 3266 non
489 3203 623 3267 arbitror.
667 3204 809 3266 Laudatur
833 3203 984 3265 eonsilium
1004 3199 1210 3275 Demosthenis,

218 3288 307 3366 quod,
327 3307 390 3350 ounr
412 3289 549 3351 suaderet
563 3287 672 3350 bellurn
683 3287 908 3348 Atheniensibus
923 3303 1024 3366 parurn
1036 3284 1066 3345 id
1077 3299 1211 3364 prospere

218 3373 366 3451 expertis,
389 3372 459 3434 nihil
481 3373 575 3434 adhuo
597 3373 703 3433 iaotnnr
719 3389 787 3433 osse
801 3373 914 3434 ratione
929 3376 1084 3437 monstrat;
1106 3373 1212 3447 poterat

220 3457 295 3516 enirn
310 3457 456 3517 emendari
471 3455 666 3535 negligentia;
686 3464 731 3533 at,
749 3457 775 3516 si
787 3454 857 3517 nihil
875 3462 956 3516 esset
970 3462 1106 3532 erratum,
1120 3449 1209 3512 nelio-
