2592 3940
192 220 256 285 236
510 233 869 295 connumeremur

191 387 318 464 indubie,
335 389 458 448 maxime
474 388 589 468 quidem
605 387 761 448 dissimilia.
796 385 900 467 Neque
915 388 989 449 enirn
1005 388 1068 450 lieri
1079 399 1195 470 potest,

192 481 224 533 ιι
247 473 327 551 paria
351 471 407 532 sint
428 473 538 548 omnio,
564 480 595 531 ut
616 472 641 530 si
660 469 765 531 Nasica
791 480 858 550 post
884 473 1013 532 occisum
1029 471 1195 536 Gracchum

193 554 364 618 defendatur
378 555 513 634 exemplo
534 553 664 630 Ahalae,
686 573 704 615 a
726 570 784 632 quo
802 553 924 615 Maelius
944 564 989 615 est
1007 557 1193 636 interiectus,

192 637 337 702 Maelium
352 641 440 718 renni
454 637 661 721 affectatorem
673 638 789 718 fuisse,
812 657 833 699 a
850 639 991 701 Graccbo
1005 637 1087 720 lenes
1101 643 1194 704 niodo
1277 663 1278 694 1

191 725 275 786 lotos
288 739 355 784 esre
372 721 541 801 populares
546 744 561 794 ,·
581 717 714 784 Ahalam
733 723 913 801 manistram
933 724 1063 800 comtum
1082 723 1193 802 fnisse,

191 803 341 866 Nasicam
354 807 509 883 privatam
522 823 609 880 esse,
626 804 747 865 dantur.
781 805 812 866 Si
832 805 993 866 defecerint
1013 807 1122 867 omnia:
1146 811 1192 868 vi·

193 887 314 950 deudnm
335 889 405 963 erit,
429 905 464 949 an
486 887 609 950 obtineri
628 889 738 967 possit,
761 905 798 948 ne
820 888 891 950 illud
916 889 1031 968 quidem
1047 888 1131 951 recte
1148 891 1192 952 ia·

192 981 278 1032 ctum.
319 969 404 1043 Quod
425 971 461 1031 de
490 971 632 1049 exemplis
664 971 740 1032 idem
766 972 850 1032 etiam
872 972 910 1033 de
932 971 1064 1033 iudicatis
1088 972 1192 1048 obser·

147 1053 359 1210 nnvandgdrod
375 1145 470 1198 antem
480 1139 575 1216 posui,
589 1138 713 1214 rcierre,
729 1155 787 1218 qno
799 1139 925 1217 quidque
937 1147 1092 1201 accusator
1102 1141 1192 1202 modo

191 1221 312 1301 dixerit,
334 1218 390 1283 huc
414 1221 555 1302 pertinet,
573 1231 618 1298 ut,
641 1223 666 1281 ei
688 1231 733 1282 est
754 1223 845 1280 minus
867 1221 1029 1282 eiiicaciter
1044 1222 1189 1300 elocutus,
1277 1237 1278 1240 ’

191 1310 254 1387 ipen
270 1308 332 1368 eius
347 1304 438 1367 verba
459 1313 616 1385 ponantur:
643 1306 668 1364 si
690 1306 749 1366 nori
772 1313 802 1365 et
822 1303 987 1365 vehementi
1013 1305 1100 1368 inerit
1120 1325 1192 1367 usus
1261 1309 1263 1314 '

191 1392 338 1466 oratione,
361 1390 481 1452 eandem
504 1406 565 1449 rem
585 1389 693 1450 nostris
707 1388 805 1448 verbis
819 1384 979 1450 mitioribus
995 1389 1190 1468 proiersmus,

147 1471 219 1539 aaut
241 1470 346 1532 Giccro
371 1473 407 1532 de
431 1469 585 1548 Cornelio,
608 1468 751 1534 Codicem
775 1473 893 1550 attipitr
918 1479 947 1531 et
968 1474 1099 1551 protinus
1126 1491 1191 1534 curn

191 1555 313 1634 quadam
328 1553 516 1631 defensione,
540 1564 586 1631 ut,
602 1556 626 1615 si
646 1571 700 1633 pro
718 1555 867 1616 luxurioso
883 1554 1036 1616 dicendum
1052 1557 1105 1633 sit,
1130 1555 1191 1618 Ob·
1277 1581 1278 1586 ¹

189 1642 270 1700 iacta
285 1646 330 1701 est
341 1639 436 1718 panio
452 1640 610 1701 liberatior
623 1641 697 1702 cita.
735 1640 785 1700 Sic
806 1647 834 1699 et
852 1654 906 1716 pro
924 1638 1042 1700 sordido
1058 1657 1189 1718 parcum,

147 1729 181 1786 27
189 1738 244 1801 pro
259 1721 402 1784 maledico
421 1721 543 1784 liberum
558 1723 656 1782 dicere
674 1721 784 1782 licebit.
827 1720 935 1800 Utique
957 1723 1191 1784 committendum
1277 1761 1278 1764 κ

189 1822 331 1883 nunquam
355 1815 416 1883 est,
435 1815 465 1867 ut
481 1806 710 1866 aduersariorum
725 1806 801 1866 diota
820 1821 884 1866 cum
900 1822 951 1866 sun
972 1805 1191 1868 confirmatione

189 1887 362 1965 reieramns,
381 1898 429 1950 aut
447 1891 533 1950 etiam
549 1889 607 1950 loci
619 1889 739 1950 alicuius
753 1890 927 1950 executione
938 1889 1116 1966 adiuuemus,
1134 1891 1191 1950 nisi

191 1990 254 2032 cum
271 1972 413 2034 eludenda
432 1981 530 2033 erunt:
555 1969 648 2048 Apud
667 1975 833 2036 exercitam
851 1972 925 2032 nribi
937 1972 1052 2051 saeris,
1072 1975 1192 2051 inacus

189 2063 231 2118 tot
245 2057 335 2116 annis
352 2057 454 2134 forum
471 2075 530 2118 non
552 2057 709 2135 attinens,-
732 2056 870 2134 abfueris
892 2057 1029 2127 tamdia,·
1051 2065 1099 2134 et,
1121 2075 1191 2118 cam

188 2145 250 2199 tarn
265 2139 352 2216 latmo
366 2140 526 2200 intercallo
540 2139 677 2214 canens,
694 2158 762 2200 arm
777 2139 840 2215 bis,
860 2140 912 2216 pai
927 2140 960 2200 in
978 2141 1047 2218 foro
1066 2139 1190 2202 babilo·
1277 2161 1278 2208 1

146 2228 278 2295 asrael,
301 2223 340 2283 de
361 2221 508 2300 dipnitate
522 2223 711 2284 contendas?
741 2219 897 2283 Praeterea
916 2222 944 2280 in
958 2222 1191 2284 contradictione
1277 2259 1278 2272 ι

190 2304 303 2364 interim
326 2312 416 2364 totum
431 2305 539 2364 crimen
556 2305 725 2382 exponitur,
741 2312 772 2364 ut
788 2302 894 2366 Cicero
916 2321 970 2384 pro
986 2307 1097 2366 Scauro
1112 2308 1190 2366 circa
1277 2311 1278 2316 ’

188 2385 341 2448 Bostarem
356 2387 425 2449 iacit
440 2387 530 2448 veluti
546 2389 706 2448 orationem
725 2389 858 2449 diversae
876 2389 966 2466 partie
984 2390 1126 2465 imitatus,
1142 2397 1191 2448 out
1277 2421 1278 2456 ι

189 2469 320 2550 pluribus
332 2472 580 2550 propositionibus
596 2473 711 2548 iunctio,
725 2481 755 2530 ut
767 2488 820 2550 pro
832 2471 960 2550 Vareno,
978 2490 1046 2534 cam
1059 2473 1120 2534 iter
1131 2489 1192 2551 per
1277 2462 1278 2516 ἶ

188 2573 283 2634 apros
304 2562 334 2616 et
352 2556 421 2618 loco
441 2555 510 2617 sola
526 2557 647 2634 faceret
668 2574 737 2616 cnm
763 2554 1013 2634 Pompeianam
1038 2555 1191 2634 familiam

186 2635 422 2700 Ancharianam
435 2640 582 2701 incidisse
597 2640 756 2716 dicernat,
778 2638 889 2700 deinde
905 2635 1122 2716 Pompulenum
1139 2657 1190 2700 oc·

188 2722 286 2784 cisum
302 2741 382 2798 esse,
398 2724 481 2786 illico
500 2720 654 2784 Varenum
673 2723 806 2784 oincmm
821 2729 1028 2797 asseroatnm,
1051 2721 1123 2782 dnm
1140 2722 1192 2783 bic
1277 2719 1278 2722 ’

186 2805 376 2882 ostenderet,
395 2807 470 2884 qnid
485 2805 524 2866 de
538 2826 573 2869 eo
586 2806 656 2884 fieri
669 2806 766 2867 vellet.
803 2803 888 2877 Quod
905 2811 951 2864 eet
964 2805 1064 2882 utique
1080 2804 1189 2865 iacien-

188 2885 269 2963 dum,
296 2889 321 2946 si
343 2890 397 2949 erit
417 2888 595 2950 incredibilis
613 2891 656 2948 rei
679 2889 752 2949 crdo
777 2896 806 2948 et
823 2888 887 2965 ipsa
903 2888 1086 2967 expositione
1104 2887 1190 2946 iidem

188 2971 363 3050 perditurus.
399 2971 514 3032 lnterim
536 2988 590 3049 per
610 2981 710 3050 partes
732 2971 918 3048 dissolvitur,
951 2969 1029 3050 quod
1051 2978 1189 3030 contextu

187 3063 291 3123 nocem
313 3063 342 3114 et
358 3055 530 3133 plerumque
546 3054 574 3114 id
591 3064 636 3115 est
651 3056 747 3116 tutius.
779 3052 927 3126 Quaedam
944 3053 1191 3114 connndictiones
1277 3085 1278 3120 ;

187 3146 289 3198 notura
305 3147 371 3198 sunt
387 3137 537 3214 singulam
556 3138 584 3197 id
600 3136 742 3216 exemplis
757 3152 815 3197 non
836 3147 914 3215 eget.

143 3226 180 3286 29
271 3218 477 3280 Communia
502 3219 576 3280 bene
604 3220 858 3300 apprehenduntur
884 3238 942 3281 non
970 3229 1096 3296 tantum,
1123 3220 1190 3298 quia

187 3305 337 3381 utriusque
363 3314 428 3364 sunt
452 3306 561 3383 partis,
589 3305 642 3364 sed
670 3305 737 3383 quia
756 3303 821 3382 plus
842 3313 963 3383 prosunt
988 3300 1189 3384 respondenti.

186 3385 291 3465 Neque
313 3389 387 3448 enim
408 3387 536 3466 pigebit,
559 3388 636 3466 quod
654 3403 744 3466 saepe
760 3388 874 3464 monui,
892 3386 1021 3456 reierre;
1038 3403 1190 3447 commune

141 3471 238 3549 coqui
252 3470 333 3548 prior
349 3470 428 3548 dicit,
448 3471 621 3532 contrarium
636 3470 715 3531 iacit.
751 3469 804 3532 Est
826 3472 901 3532 enim
918 3471 1107 3548 contrarium,
1131 3483 1190 3548 quo
