2570 3946
184 223 227 290 il
505 236 866 296 rr.rart.ou1nu1u1nn1

186 400 266 468 sunt,
291 393 445 457 consistet:
469 391 617 452 doctiores
638 389 726 450 multa
744 389 893 466 adicient,
912 389 961 450 vel
979 390 1036 450 boc
1054 391 1187 470 primum,

160 475 264 556 equod
281 476 488 538 barbarismum
507 472 638 552 pluribus
655 473 747 534 modis
767 473 934 553 accipimus.
976 473 1068 534 llnum
1085 482 1186 552 gente,

187 559 273 640 quale
291 559 340 637 dt,
363 561 388 620 si
408 559 472 638 quis
492 556 594 616 dirum
614 556 664 617 rel
683 555 839 635 Hispanum
856 555 974 618 Latinae
993 558 1116 618 orationi
1135 575 1187 618 no·
1270 629 1271 636 ἵ

184 662 250 706 men
272 644 397 718 inserat,
424 650 455 700 ut
478 640 602 716 ferrum,
628 657 686 719 quo
711 649 794 702 rotae
820 641 998 718 vinciuntur,
1026 641 1083 702 diei
1109 641 1187 702 solet

186 735 314 798 cantuum·
333 741 493 805 quanquam
512 741 549 784 eo
566 733 700 802 tanquam
716 732 840 804 recepto
857 725 945 785 utitur
959 725 1089 794 Persium
1112 727 1189 786 sicut

187 807 316 872 catullus
335 809 502 888 plomenum
521 809 599 868 circs
617 808 723 872 Padum
744 809 866 884 invenit,
888 817 917 868 et
935 810 964 869 in
984 810 1116 870 oratione
1135 808 1187 870 be·

185 893 262 954 bieni
282 892 361 971 (sive
379 892 430 952 illa
451 888 579 952 Cornelii
598 890 674 952 Galli
694 893 754 972 est)
777 894 805 952 in
825 891 988 953 Pollionem
1006 911 1124 955 cornua
1141 911 1186 954 as·

185 985 331 1053 sectator,
357 993 374 1036 e
394 973 487 1036 Gallia
511 974 626 1036 ductum
652 983 711 1044 est;
732 993 796 1036 uam
815 983 1021 1053 mastrucam,
1044 975 1122 1055 quod
1142 985 1188 1036 est

120 1089 126 1100 ·
159 1059 322 1136 usandum,
342 1059 465 1120 irridens
486 1055 592 1120 cicero
613 1076 652 1118 ex
667 1057 807 1120 industria
827 1058 907 1119 dixit.
945 1058 1077 1120 Alterum
1093 1077 1189 1138 genus

185 1141 554 1222 barbarismiaccipimus,
576 1142 654 1221 quod
675 1142 706 1202 lit
726 1143 811 1203 animi
834 1151 950 1219 natura,
973 1153 1003 1204 ut
1022 1146 1064 1220 is,
1088 1161 1105 1204 a
1128 1160 1189 1222 quo
1246 1148 1250 1158 ’

184 1227 347 1289 insolenter
364 1225 433 1306 quid
452 1235 500 1288 aut
516 1228 666 1287 minaciter
682 1235 730 1286 aut
748 1225 907 1288 crudeliter
925 1227 1030 1290 dictum
1049 1229 1102 1304 sit,
1122 1227 1186 1288 bar·

144 1310 256 1373 lobare
281 1312 396 1372 locutus
418 1311 606 1370 existimatur.
647 1309 775 1370 'lentium
797 1319 842 1370 est
870 1309 941 1372 illud
962 1313 1059 1373 vitium
1084 1310 1188 1372 berba-

183 1395 279 1470 rismi,
299 1397 379 1455 cuius
397 1392 532 1472 exempla
547 1392 636 1470 vulgo
653 1402 719 1454 sunt
733 1393 870 1472 plurima,
888 1394 943 1456 sibi
960 1397 1045 1456 etiam
1064 1397 1189 1475 quisque

185 1477 297 1555 lingere
313 1484 427 1556 potest,
447 1485 478 1536 ut
495 1475 604 1552 verbo,
624 1478 670 1537 cui
687 1476 804 1554 llbebit‚
824 1479 940 1540 adiiciat
957 1479 1082 1540 litteram
1098 1478 1188 1555 sylla·

184 1559 288 1620 bamre
302 1560 351 1620 vel
367 1560 507 1636 detrabat,
524 1569 573 1621 aut
588 1560 672 1621 aliam
687 1577 740 1640 pro
753 1561 810 1623 alis
823 1571 872 1626 aut
887 1563 1009 1624 eandem
1020 1563 1089 1640 alio,
1103 1579 1190 1640 quana

145 1647 295 1704 llrectum
311 1653 372 1720 est,
386 1644 454 1704 loco
470 1653 568 1722 ponat.
597 1643 657 1706 Sed
673 1645 786 1723 quidam
800 1646 865 1706 iere
880 1647 908 1705 in
923 1646 1107 1706 iactationem
1122 1662 1189 1704 eru-

185 1727 301 1788 ditionis
316 1745 431 1788 sumere
449 1726 500 1788 illa
514 1744 553 1787 ex
566 1729 662 1805 poetis
680 1728 777 1788 solent
796 1737 825 1788 et
839 1737 990 1804 auctores,
1010 1744 1084 1806 quos
1103 1743 1190 1806 prae-

187 1810 302 1890 legunt,
329 1812 522 1872 criminantur.
565 1811 649 1872 Scire
674 1820 769 1873 autem
789 1811 877 1874 debet
896 1829 984 1891 puer,
1012 1811 1088 1872 baec
1112 1810 1191 1889 apud

186 1897 346 1975 scriptores
369 1897 523 1957 carminum
546 1904 594 1955 aut
618 1897 702 1956 venia
721 1896 807 1973 digua
826 1904 875 1956 aut
894 1897 980 1957 etiarn
1004 1895 1090 1956 laude
1110 1894 1189 1969 duci,

143 1982 178 2036 lt
187 1982 342 2058 potiusque
365 1979 415 2040 illa
435 1980 559 2041 docendi
584 1987 668 2039 erunt
691 1980 781 2040 minus
804 1979 932 2057 vulgata.
969 1977 1042 2040 Nam
1062 1978 1136 2038 duos
1160 1980 1190 2038 in

186 2079 243 2124 uno
266 2064 380 2124 nomine
403 2063 530 2123 iaciebat
550 2061 746 2128 barbarismos
764 2063 855 2140 'l'ingu
876 2063 1060 2124 Placentinus
1081 2062 1122 2141 (si
1142 2079 1189 2121 re·

185 2145 377 2225 prehendenti
394 2145 549 2206 Hortensio
569 2146 728 2227 oredimus)
746 2149 909 2225 preculam
924 2163 977 2225 pro
996 2147 1130 2226 perpulsa
1147 2145 1189 2206 di-

187 2247 273 2306 ocus,
297 2237 326 2289 et
349 2230 547 2290 immutatione
570 2247 634 2290 eum
654 2250 671 2290 c
690 2246 744 2308 pro
760 2238 947 2316 putaretur,
970 2238 1000 2290 et
1018 2237 1189 2290 transmuta-

185 2315 266 2374 tione
293 2331 398 2373 cumr
422 2321 619 2392 praeponeret
644 2315 838 2375 antecedenti.
886 2314 924 2374 At
949 2316 976 2374 in
1000 2314 1101 2375 eadem
1127 2314 1190 2374 vitii

186 2398 381 2475 geminatione
400 2394 540 2459 Mattiaco
556 2395 724 2477 Fufettioco
741 2398 842 2458 dicens
860 2396 969 2458 Ennius
987 2399 1106 2477 poetico
1126 2399 1190 2456 iure

145 2487 179 2542 13
187 2480 360 2542 defenditur.
399 2479 459 2540 Sed
480 2481 510 2540 in
528 2497 616 2559 prosa
635 2497 752 2560 quoque
772 2490 817 2542 est
835 2481 975 2560 quaedam
994 2484 1049 2542 iam
1067 2489 1190 2559 recepta

185 2565 353 2626 immutatio.
389 2561 462 2624 Nam
481 2563 587 2626 Cicero
607 2561 828 2643 Canopiturum
848 2567 1008 2627 exercitum
1027 2565 1112 2640 dicit,
1133 2563 1189 2643 ipsi

187 2647 333 2712 Canobon
350 2656 469 2716 vooant;
491 2657 521 2708 et
542 2646 785 2711 Trasumennum
802 2665 856 2727 pro
879 2647 1089 2714 Tarsumenno
1109 2647 1190 2708 multi

185 2738 337 2806 auctores,
358 2733 470 2793 etiamsi
487 2740 532 2792 est
550 2733 579 2792 in
598 2747 634 2792 eo
652 2734 865 2810 transmutatio,
884 2733 1111 2794 vindicaverunt.
1144 2731 1189 2792 Si·

185 2814 291 2874 militer
310 2814 380 2883 alia;
400 2832 465 2874 nam
485 2818 547 2877 sive
570 2825 616 2876 est
633 2818 802 2891 accendor,
823 2817 946 2877 Sisenna
965 2817 1036 2877 dixit
1055 2816 1191 2878 cotentio

184 2897 324 2975 multique
344 2905 373 2957 et
396 2896 472 2958 hunc
493 2908 523 2959 et
539 2900 688 2977 analogias
707 2901 815 2976 secuti,
840 2900 904 2960 sive
919 2899 990 2961 illud
1007 2917 1108 2961 verum
1128 2907 1189 2960 est:

142 2981 259 3042 14haec
282 2997 399 3060 quoque
421 2998 489 3059 pars
511 2999 656 3043 consensu
676 2982 847 3044 detenditur.
886 2983 925 3062 plt
944 2983 995 3045 ille
1015 3001 1108 3063 pexus
1127 2983 1209 3062 pin*

185 3067 311 3144 gulaque
336 3064 441 3125 doctor
462 3075 511 3126 aut
534 3065 595 3126 illic
618 3067 827 3140 detractionem
855 3077 902 3128 aut
926 3068 974 3129 bic
997 3068 1190 3128 adiectionem
1271 3131 1274 3140 1

185 3147 306 3227 putabit.
349 3147 445 3222 Quid?
473 3150 550 3229 quod
570 3151 726 3229 quaedam‘,
748 3168 823 3229 quae
843 3153 958 3230 singula
977 3151 1082 3232 procul
1102 3151 1190 3212 dubio

143 3233 291 3295 levitiosa
315 3239 396 3310 sunt,
418 3233 515 3295 iuncta
540 3236 603 3295 siue
625 3235 857 3313 reprehensione
878 3232 1031 3296 dicuntur?
1063 3233 1137 3296 Nam
1161 3243 1191 3294 et

186 3316 251 3380 dun
272 3327 302 3378 et
321 3320 489 3397 trepondo
508 3317 689 3379 diversorum
706 3336 846 3396 generum
867 3329 932 3380 sunt
952 3319 1136 3386 barbarismi3
1161 3326 1192 3377 at

185 3400 352 3480 duapondo
373 3409 403 3461 et
422 3404 571 3483 trepondo
591 3421 684 3482 usque
704 3403 740 3464 ad
758 3411 886 3464 nostram
905 3412 1030 3465 aetatem
1047 3401 1083 3464 ab
1100 3403 1192 3461 omni·

142 3483 239 3547 lbbus
258 3485 363 3547 dictum
382 3494 443 3563 est,
462 3495 492 3548 et
510 3497 591 3549 recte
609 3488 666 3548 dici
684 3485 812 3549 llessola
830 3488 989 3548 confirmat.
1025 3484 1192 3545 Absurdurn
