2608 3948
203 195 262 259 tot
394 228 397 234 ,
517 207 553 254 ιι.
566 205 645 253 ιιι.
658 201 879 264 curunmmut

200 385 279 440 νοις,
302 362 330 423 id
353 370 398 421 est
418 357 703 426 inartificiales;
729 357 798 436 [hus
819 352 983 434 ἕντέχιοις,
1005 355 1207 419 idestarti-

171 445 393 524 edictalem
416 451 603 516 vocaverunt.
641 441 687 501 Ex
700 439 751 500 illo
767 440 865 519 priore
880 455 991 515 genere
1010 449 1076 500 sunt
1097 458 1207 519 prae·

200 530 355 605 iudicia,
380 544 567 604 rumores,
593 532 794 600 tormenta,
819 522 983 601 tabulae,
1009 524 1205 586 iusiuran-

201 614 297 690 dum,
320 620 457 690 testes,
484 613 513 671 iu
537 609 640 689 quibus
655 625 723 688 pars
737 608 859 669 maxima
875 608 1089 668 contentionum
1104 609 1205 670 loren-

200 697 274 757 sium
295 696 435 757 consistit.
473 694 533 756 Sed
553 702 583 753 ut
603 695 666 772 ipsa
687 711 741 772 per
760 710 794 753 se
816 700 915 752 carent
930 701 1008 752 arte:
1028 693 1067 752 ita
1084 697 1205 754 summis

201 779 387 858 eloquentiae
407 778 516 840 viribus
538 787 567 838 et
593 776 744 838 allevauda
773 784 838 836 sunt
864 775 1034 854 plerumque
1060 785 1090 836 et
1113 778 1204 838 relel·

200 864 294 924 lenda.
329 862 426 936 Quare
443 862 510 922 milri
525 862 658 922 videntur
673 876 851 938 magnopere
867 859 1027 936 damnandi,
1047 862 1096 939 qui
1111 869 1206 922 totum
1286 905 1287 908 ,

168 948 258 1019 ahoe
278 963 371 1024 genus
394 965 411 1006 ι
432 947 599 1025 praeceptis
621 952 816 1005 removerunt.
857 941 920 1003 Nec
940 952 1036 1004 tamen
1057 946 1087 1004 iu
1108 947 1205 1006 auimo

201 1040 259 1106 est,
275 1030 379 1106 omnia,
396 1048 470 1108 quae
489 1038 536 1089 ιιι
552 1045 605 1108 pro
621 1027 665 1087 his
680 1036 729 1088 out
744 1036 844 1088 contra
864 1026 920 1086 dici
938 1026 1050 1104 solent,
1072 1030 1205 1108 comple·

201 1115 248 1176 cti.
270 1113 419 1174 Nonenim
431 1130 595 1174 communes
611 1111 696 1172 locos
709 1112 825 1172 tradere
837 1110 1023 1190 destinamus,
1037 1112 1206 1190 quodesset

201 1199 299 1276 operis
310 1197 421 1274 infiniti,
437 1197 490 1258 sed
505 1198 580 1257 viam
597 1195 737 1275 quandam
748 1205 835 1276 atque
846 1196 996 1256 rationem.
1028 1194 1140 1268 Quibus
1152 1197 1204 1258 de-

199 1283 374 1357 monstratis,
393 1297 451 1340 non
465 1280 551 1340 modo
566 1281 596 1340 in
611 1280 783 1357 exequendo
798 1297 865 1339 suas
881 1279 1004 1358 quisque
1018 1280 1097 1340 vires
1114 1279 1206 1342 debet

198 1363 338 1444 adhibere
353 1363 406 1424 sed
421 1365 507 1424 etiam
526 1363 699 1442 inveniendo
715 1363 835 1439 similia,
858 1371 889 1422 nt
912 1380 1044 1442 quaeque
1067 1365 1204 1426 condicio
1286 1441 1287 1444 Ἴ

200 1449 290 1508 litium
305 1455 420 1526 poscet.
455 1445 560 1524 Neque
584 1448 659 1506 enim
680 1446 717 1506 dc
739 1446 869 1507 omuibus
891 1448 985 1507 causis
1006 1447 1107 1508 dicere
1123 1451 1203 1528 quis·

200 1547 284 1608 quam
298 1539 395 1608 potest
407 1528 509 1590 saltem
524 1531 758 1608 praeteritis‚.ut
775 1540 887 1593 taceam
903 1530 939 1590 de
960 1530 1073 1591 futuris.

557 1683 600 1734 DE
617 1682 838 1736 PRAEIUDIGIIS.

283 1779 319 1841 ll.
347 1778 405 1840 lam
427 1780 747 1858 praeiudiciorum
766 1781 811 1839 vis
832 1781 923 1841 omnis
946 1780 1037 1840 tribus
1060 1781 1088 1840 in
1110 1797 1201 1858 gene-

197 1863 277 1925 rilms
298 1872 449 1924 versatur:
478 1863 583 1939 rebus,
615 1881 690 1943 quae
718 1863 872 1942 aliquando
902 1882 939 1924 ex
965 1863 1082 1944 paribus
1105 1867 1200 1928 causis

198 1956 263 2009 suut
281 1948 436 2024 iudicatae,
460 1965 534 2027 quae
551 1948 685 2026 exempla
700 1951 809 2007 rectius
824 1948 966 2024 dicuutur,
990 1958 1021 2008 ut
1036 1947 1072 2008 de
1091 1951 1199 2010 reseis·

144 2087 148 2094 .
197 2033 238 2090 sis
260 2041 373 2111 patrum
392 2033 571 2091 testamentis
593 2030 643 2092 vel
662 2041 761 2092 contra
783 2032 859 2092 lilios
875 2033 1066 2101 confirmatis;
1086 2032 1202 2093 iudiciis

198 2114 233 2175 ad
255 2116 348 2193 ipsam
370 2131 486 2174 causam
504 2114 731 2193 pertinentibus,
754 2116 830 2176 unde
852 2119 938 2177 etiam
959 2133 1063 2177 nomen
1085 2117 1200 2178 ductum

198 2206 253 2272 est,
277 2194 373 2274 qualia
395 2198 424 2256 iu
446 2195 634 2276 Oppianicum
648 2199 725 2259 iacta
746 2199 877 2261 dicuutur
896 2210 925 2261 et
942 2209 1074 2261 asenatu
1096 2200 1200 2261 adver·
1286 2195 1287 2200 ’

198 2299 247 2339 sus
269 2278 420 2348 llilonem3
446 2290 494 2341 aut
524 2299 586 2341 oum
613 2282 650 2342 de
678 2283 779 2343 eadem
801 2302 888 2346 causa
909 2287 1120 2363 pronuntiatum
1142 2293 1199 2360 est,

197 2364 277 2422 utin
297 2365 355 2424 reis
378 2363 538 2443 deportatis
554 2375 583 2425 et
598 2368 761 2427 assertione
781 2368 908 2429 secunda
931 2377 961 2428 et
979 2368 1107 2448 partibus
1131 2387 1199 2428 cen·
1286 2421 1287 2428 a

166 2448 398 2524 ttumuiralium,
422 2465 496 2526 quae
518 2451 547 2509 in
568 2449 638 2511 duas
662 2452 760 2512 hastas
780 2452 890 2512 divisae
912 2462 986 2512 sunt.
1022 2450 1199 2512 Confirman-

197 2540 242 2591 ιιι
256 2533 414 2611 praecipue
426 2532 554 2594 duobus:
568 2537 738 2596 auctoritate
751 2553 860 2612 eorum,
874 2538 921 2615 qui
932 2538 1199 2616 pronuntiaverunt,

198 2624 227 2675 et
250 2615 432 2676 similitudine
454 2634 566 2694 rerum,
589 2618 626 2678 do
649 2619 751 2699 quibus
774 2620 936 2698 quaeritur;
958 2620 1132 2682 refelluntur
1150 2639 1199 2682 au-

197 2707 255 2757 tem
276 2715 342 2758 raro
365 2718 420 2778 per
441 2701 641 2762 contumeliam
662 2704 801 2778 iudicum,
824 2705 879 2764 nisi
900 2705 977 2764 sorte
998 2705 1150 2766 manifesta
1171 2706 1199 2764 in

196 2781 241 2839 his
265 2782 351 2860 culpa
374 2784 437 2866 crit.
482 2783 551 2844 Vult
574 2790 648 2846 enim
670 2789 908 2864 cognoscentium
929 2791 1068 2868 quisque,
1091 2789 1199 2848 firmam

198 2881 265 2922 esse
289 2863 407 2924 alterius
430 2871 611 2947 sententiam,
635 2880 664 2929 et
685 2873 749 2949 ipse
764 2873 1013 2950 pronuntiaturum
1035 2891 1091 2933 nec
1106 2871 1197 2933 lilten·
1286 2921 1287 2930 ,

165 2956 241 3014 ater
266 2949 445 3028 exemptum,
470 2952 548 3031 quod
570 2956 598 3012 in
619 2964 652 3012 se
673 2953 799 3014 fortasse
820 2955 947 3032 recidat,
970 2956 1048 3017 iacit.
1091 2954 1197 3016 (loniu-

195 3031 331 3108 giendum
353 3050 426 3111 ergo
450 3045 495 3095 est
514 3037 543 3096 in
562 3037 674 3098 duobus
694 3039 910 3116 superioribus,
933 3042 958 3100 si
980 3059 1028 3100 res
1050 3041 1143 3118 ieret,
1162 3039 1198 3101 ad

196 3114 321 3193 aliquam
346 3115 602 3180 dissimilitudinem
630 3139 751 3191 causae;
786 3124 836 3181 vix
864 3133 958 3184 autem
984 3125 1118 3186 ulla-est
1144 3143 1199 3203 per
1286 3177 1287 3202 p

197 3201 291 3258 omnia
313 3201 397 3261 alteri
421 3203 530 3262 similis.
574 3204 604 3262 Si
620 3204 647 3265 id
669 3223 726 3265 non
748 3208 897 3284 continget
918 3217 966 3268 ιιι
988 3210 1089 3271 eadem
1110 3226 1198 3268 eausa
1286 3205 1287 3248 ἶ

197 3283 267 3342 erit:
290 3286 433 3344 actionum
454 3287 609 3346 incusanda
627 3289 805 3367 negligentia
827 3301 875 3351 aut
897 3291 934 3352 de
949 3292 1111 3353 infirmitate
1131 3310 1196 3371 per·

196 3382 331 3427 sonarum
345 3369 532 3445 querendum,
552 3379 651 3432 contra
674 3391 745 3451 quas
768 3375 822 3433 erit
836 3376 1001 3453 iudicatum,
1017 3386 1065 3436 aut
1080 3377 1117 3437 de
1130 3393 1196 3454 gre·
1286 3429 1287 3442 ,

196 3450 245 3526 tia,
269 3468 343 3527 quae
359 3459 449 3510 testes
472 3458 645 3533 corruperit,
668 3467 715 3517 aut
730 3458 766 3519 de
782 3459 887 3519 invidia
903 3468 951 3520 aut
966 3461 1002 3520 de
1025 3461 1196 3538 ignorantis,
