2608 3948
201 227 260 288 too
533 238 568 286 ιι.
581 235 894 295 succursurum

198 413 236 456 an
255 396 307 471 sit,
330 403 361 454 ut
383 391 578 472 compluribus
601 391 686 450 etiam
706 387 949 469 philosophorum
968 388 1082 468 placet,
1102 390 1208 450 virtus.

173 477 342 557 aliquidem
357 476 445 553 illud,
469 475 570 554 qnod'
562 493 592 534 m
607 473 708 534 studiis
728 472 843 535 dicendi
858 473 993 552 plerique
1009 482 1210 534 exercuerunt

200 572 229 623 et
245 570 395 638 exercent,
410 569 458 621 aut
471 557 579 619 nullam
593 567 694 634 artem,
712 575 787 636 quae
799 547 916 636 ἀτεχνία
929 559 1105 633 nominatur,
1122 566 1208 636 puto,

200 645 322 725 (multos
338 646 414 704 eninr
428 643 555 704 video
531 661 593 702 srne
609 643 739 718 ratione,
754 644 818 702 sine
834 642 955 718 litteris,
978 659 1035 720 qua
1047 641 1122 702 vel'
1113 659 1208 720 tmpu-

199 731 295 792 dantia
323 728 373 789 vel
401 727 492 788 fames
521 726 617 803 duxit,
645 729 780 807 ruentes)
806 736 854 788 aut
874 725 978 788 melam
1001 727 1083 804 quasi
1103 736 1207 803 artem,

200 832 285 893 quam
311 811 502 890 κακοτεχνίαν
521 811 651 871 dicimus.
697 808 770 870 Nam
791 820 820 870 et
841 811 933 870 fuisse
952 811 1060 873 multos
1084 820 1115 870 et
1137 827 1208 872 esse

198 897 355 958 nonnullos
372 897 522 971 existimo,
546 896 594 973 qui
609 894 777 956 facultatem
797 894 911 956 dicendi
925 895 961 956 ad
978 895 1123 957 hominum
1139 913 1207 975 per-

173 982 304 1048 snioiem
320 981 527 1040 converterint.
563 977 783 1057 Ματανονεχνία
803 995 921 1057 quoque
936 989 982 1039 est
997 979 1154 1058 quaedam,
1175 979 1208 1040 id

200 1073 246 1126 est
271 1081 453 1144 supervacua
480 1064 550 1124 artis
574 1063 712 1139 imitatio,
741 1080 816 1141 quae
836 1062 907 1124 nihil
928 1079 999 1124 sane
1021 1081 1118 1142 neque
1137 1063 1208 1122 boni
1285 1122 1286 1136 ,

200 1166 296 1228 neque
319 1149 385 1210 mali
406 1147 528 1224 habeat,
550 1147 603 1208 sed
625 1164 730 1208 vanum
753 1145 900 1216 laborem;
929 1146 1022 1224 qualis
1042 1147 1120 1208 illius
1140 1147 1206 1222 luit,

34 1300 39 1310 ¹
135 1267 140 1276 ·
200 1235 248 1313 qui
263 1251 353 1311 grana
370 1233 475 1294 ciceris
491 1251 529 1294 ex
544 1233 638 1311 spatio
655 1230 769 1292 distanti
790 1233 896 1307 missa,
919 1232 949 1292 iu
962 1247 1045 1291 acum
1069 1232 1207 1290 continuo

200 1327 229 1378 et
245 1319 307 1378 sine
322 1317 509 1378 frustratione
526 1314 690 1391 inserebat,
714 1333 799 1393 quem
814 1333 878 1375 oum
895 1323 1062 1394 spectasset
1077 1313 1206 1375 Alexan·

200 1403 269 1478 der,
289 1403 415 1462 donasse
432 1401 536 1460 dicitur
552 1400 680 1461 eiusdem
696 1399 848 1476 leguminis
864 1399 979 1474 modio,
996 1398 1073 1478 quod
1091 1399 1207 1477 quidem

174 1487 357 1564 4praemium
372 1485 425 1544 luit
438 1483 490 1544 illo
507 1500 598 1562 opere
614 1483 821 1561 dignissimum.
851 1481 901 1542 His
919 1499 976 1561 ego
993 1483 1206 1560 comparandos

201 1568 352 1644 existimo,
376 1569 474 1646 quiin
496 1567 771 1644 declamationibus,
801 1584 873 1646 quas
895 1585 963 1627 esse
984 1567 1101 1627 veritati
1122 1566 1207 1626 dissi·

200 1652 333 1713 millimas
348 1652 466 1728 solunt,
488 1661 613 1712 aetatem
626 1652 715 1711 multo
731 1651 826 1712 studio
843 1669 883 1712 ac.
898 1651 1002 1712 labore
1024 1659 1206 1712 consumunt.

199 1736 310 1796 Verum
328 1735 419 1813 haec,
441 1754 525 1815 quam
551 1738 702 1796 instituere
727 1753 865 1797 conamur
889 1743 918 1795 et
945 1737 1027 1796 cuius
1051 1736 1207 1812 imaginem

201 1822 294 1881 animo
318 1822 521 1900 concepimus,
544 1839 620 1900 quae
645 1820 722 1881 bono
744 1821 813 1880 viro,
836 1821 972 1880 convenit
987 1835 1133 1899 ,quaeque
1160 1828 1208 1879 est

199 1923 273 1966 vere
286 1905 451 1982 rhetorice,
472 1907 591 1966 virtus
611 1907 675 1964 erit.

174 2005 189 2059 s
286 1987 372 2063 Quod
391 1989 560 2069 philosophi
575 1989 690 2066 quidem
704 1988 800 2049 multis
816 1998 846 2048 et
860 1990 953 2048 acutis
969 1986 1207 2048 conclusionibus

201 2072 359 2149 colligunt,
382 2073 450 2133 mihi
470 2089 542 2132 uero
565 2075 650 2132 etiam
672 2071 805 2151 planiore
829 2072 884 2133 hac
905 2073 1084 2151 proprieque
1105 2079 1207 2131 nostra

200 2153 374 2235 probatione
388 2154 503 2215 ridetur
519 2173 586 2215 esse
601 2157 797 2234 perspicuum.
834 2155 880 2216 nb
900 2156 958 2216 illis
972 2156 1047 2217 haec
1061 2156 1205 2217 dicuntur.

201 2240 233 2300 Si
260 2237 503 2300 consonare-sibi
523 2241 551 2298 in
575 2238 715 2299 iaciendis
740 2256 776 2299 ac
795 2256 853 2299 non
873 2239 1014 2302 faciendis
1034 2241 1126 2300 virtus
1138 2248 1205 2315 est,

202 2339 277 2402 quae
293 2339 361 2402 pars
382 2323 445 2382 eius
460 2321 612 2422 prudentia
631 2332 769 2384 vocatur:
792 2324 919 2385 eadem
910 2324 1084 2387 indicendis
1100 2342 1134 2386 ac
1148 2339 1205 2386 nou

175 2406 330 2478 §dicendis
346 2407 411 2466 erit.
452 2404 490 2467 Et
510 2407 535 2466 si
552 2407 674 2466 virtutes
692 2416 773 2484 sunt,
792 2409 829 2468 ad
851 2425 922 2487 quas
939 2408 1024 2470 nobis
1039 2410 1125 2469 stiam
1139 2417 1206 2492 ante

201 2507 286 2570 quam
302 2491 496 2552 doceremur
488 2491 567 2551 mitia
583 2489 724 2569 quaedam
741 2508 775 2551 ao
791 2495 899 2554 semiue
917 2502 983 2554 sunt
999 2510 1142 2554 concessa
1156 2508 1205 2552 ns·

200 2585 280 2651 tura,
301 2585 332 2636 ut
353 2574 390 2636 ad
410 2575 561 2652 iustitiam,
585 2576 665 2635 cuius
681 2576 798 2635 rusticis
819 2593 936 2656 quoque
956 2596 991 2639 ac
1007 2576 1138 2638 barbaris
1155 2595 1206 2654 ap·

200 2668 285 2738 paret
307 2660 430 2738 aliqua
421 2675 533 2736 imago:
556 2675 610 2718 nos
635 2667 716 2719 certe
737 2660 781 2719 sic
801 2677 869 2720 esse
890 2661 926 2720 ab
949 2663 1030 2721 initio
1053 2662 1207 2738 formatos,

200 2751 232 2802 ut
245 2759 400 2821 possemus
419 2760 504 2804 orare
519 2760 573 2822 pro
589 2742 690 2819 uobis,
712 2745 896 2804 etiamsinon
913 2747 1047 2822 perlecto
1062 2755 1158 2806 tamen
1175 2755 1209 2804 ut

201 2827 331 2886 inessent
344 2827 484 2904 quaedam
500 2828 547 2904 (ut
558 2827 632 2908 dixi)
649 2829 757 2888 semina
774 2830 836 2888 eius
851 2829 1010 2906 facultatis,
1024 2829 1209 2891 manifestum

175 2919 256 2980 nest.
296 2909 363 2969 Non
381 2909 483 2970 eadem
502 2919 597 2971 autem
617 2920 717 2973 natura
735 2921 781 2972 est
800 2912 844 2972 his
868 2912 996 2990 artibus,
1019 2931 1095 2993 quae
1118 2915 1207 2975 avir-

201 3002 264 3054 tute
284 3003 350 3054 sunt
370 3002 511 3056 remotae.
556 2995 657 3076 ltaque
681 3015 746 3058 cum
765 2997 823 3057 duo
845 2997 901 3058 sint
922 3015 1033 3076 genera
1055 2999 1208 3098 orationis,

201 3076 294 3139 altera
308 3087 468 3158 perpetua,
488 3094 562 3160 quae
576 3081 724 3144 rhetorice
740 3081 859 3158 dicitur,
876 3081 967 3143 altera
984 3084 1113 3161 concisa,
1132 3099 1209 3162 quae

201 3161 370 3233 dialectioe;
394 3181 465 3242 quas
483 3165 598 3243 quidem
614 3165 693 3225 Zeno
712 3165 785 3224 adeo
808 3168 971 3243 coniunxit,
993 3167 1113 3228 uthans
1128 3183 1208 3227 conr·

201 3264 325 3325 pressae
344 3250 374 3308 in
388 3266 516 3326 pugnum
530 3267 640 3324 manus,
660 3248 739 3308 illam
760 3249 924 3327 explicatae
940 3251 1053 3311 diceret
1069 3251 1208 3312 similem:

203 3332 288 3392 etiam
303 3331 476 3411 disputatrix
490 3334 582 3393 virtus
598 3334 663 3392 erit.
703 3330 787 3392 Adeo
804 3334 842 3393 de
856 3335 926 3411 hac,
950 3353 1025 3413 quae
1041 3336 1210 3415 speciosior

202 3423 289 3494 atque
305 3418 435 3496 apertior
450 3425 529 3478 tanto
545 3425 607 3491 est,
629 3414 698 3475 nihil
715 3415 897 3479 dubitabitur.

178 3507 196 3562 8
288 3500 346 3561 Sed
370 3500 484 3580 plenius
507 3500 565 3560 hoc
584 3497 661 3558 idem
686 3509 773 3580 atque
796 3504 924 3606 apertius
945 3504 1050 3562 intueri
1071 3521 1110 3564 ex
1133 3503 1209 3582 ipsis
