2592 3940
226 226 288 291 206
534 239 571 288 u.
591 237 671 287 ran.
692 238 912 299 cumulemur

223 395 337 473 nakel,
358 395 391 457 in
410 393 579 456 wadnam
598 401 836 473 pcrnenlarum,·
855 393 970 454 tertium
985 401 1093 456 tantum
1107 413 1168 458 non
1184 416 1233 459 re·

183 475 549 642 ciiiili’rltiiit
565 475 1232 626 tittlxtttlixiltixti:

226 647 396 726 gentissime
417 653 463 705 est
489 652 645 720 executus,
674 642 743 721 quid
774 645 879 722 cuique
906 645 950 705 rei
977 653 1006 706 at
1033 646 1101 724 quid
1124 649 1233 728 cuique

224 731 331 793 bomini
358 728 469 790 soleret
491 727 643 803 accidere,
666 736 697 786 ct
714 743 784 804 quas
801 744 850 787 res
868 744 1002 807 quosque
1017 728 1149 792 homines
1168 735 1231 810 qui·

224 815 279 876 bus
299 813 386 874 rebus
403 821 451 871 aut
467 810 628 871 hominibus
644 810 693 870 vel
710 811 899 872 conciliasset
923 811 972 872 vel
990 811 1149 875 alienasset
1166 818 1231 894 ipsa

224 906 341 958 natura:
362 903 409 969 ut,
434 894 547 954 divilias
569 893 637 972 quid
652 901 793 972 sequatur
806 902 855 955 aut
871 893 1006 956 ambitum
1021 906 1069 957 aut
1086 902 1231 978 supersti-

225 983 348 1055 tionem,
373 977 524 1056 quidboni
538 977 679 1057 probent,
702 976 771 1056 quib
790 977 858 1040 mali
880 987 996 1058 petant,
1022 979 1090 1058 quib
1109 981 1230 1058 milites,

225 1064 292 1144 quid
307 1063 417 1138 rustici,
437 1078 494 1140 quc
511 1078 645 1141 quaeque
665 1059 751 1122 modo
775 1077 824 1122 rea
844 1062 928 1122 vitari
942 1062 991 1124 vel
1007 1066 1105 1142 appeti
1120 1063 1228 1126 soleat.

182 1148 331 1214 lsVerum
350 1145 408 1206 hoc
424 1147 530 1224 exequi
545 1146 640 1214 mitto;
657 1145 801 1205 nonenim
815 1144 933 1223 longum
946 1153 1053 1207 tautum
1068 1146 1122 1208 seb
1141 1150 1230 1210 etiam

223 1229 405 1311 impossibile
427 1229 477 1290 aut
504 1230 601 1309 potius¹
625 1228 762 1289 inlinitum
788 1238 833 1288 est
863 1237 1019 1308 praeterea
1043 1231 1169 1308 positum
1202 1234 1229 1291 in

225 1315 366 1377 communi
385 1314 508 1374 omnium
523 1312 685 1374 intellectu.
726 1313 758 1372 Si
777 1312 840 1390 quis
856 1321 951 1374 umen
966 1313 1195 1376 desideraverit:
1212 1334 1228 1376 a

180 1407 216 1464 19
224 1415 281 1478 quo
304 1405 435 1476 peteret,
461 1395 585 1456 ostendi.
636 1393 736 1472 Omnia
761 1404 857 1456 autem
878 1395 1044 1472 credibilia,
1068 1399 1097 1458 in
1124 1398 1229 1478 quibus

223 1500 292 1562 pars
308 1481 430 1539 maxima
450 1480 583 1539 consistit
600 1479 870 1556 argumentationis,
896 1497 933 1540 ax
955 1479 1116 1544 huiusmodi
1141 1483 1229 1544 ionti·

223 1565 277 1626 bun
294 1563 398 1623 buunt:
421 1560 470 1624 An
491 1563 640 1624 credibile
654 1564 709 1639 ait,
725 1581 746 1624 a
759 1561 823 1641 filio
832 1571 955 1641 patrem
972 1565 1124 1644 occisam,
1140 1568 1230 1628 iace·

223 1658 302 1712 stum
314 1666 382 1710 ctam
393 1645 458 1725 illic
471 1647 683 1708 somnolentum?
698 1655 728 1706 et
740 1655 840 1707 contra
850 1647 1026 1726 veneficium
1036 1649 1069 1709 in
1080 1667 1229 1726 noverca,
1244 1701 1247 1708 r

222 1733 409 1796 adulterium
424 1732 455 1792 in
471 1731 649 1798 incuriosos
668 1728 718 1790 ilia
737 1746 864 1808 quoque,
879 1727 929 1792 An
942 1732 1045 1793 scelat
1059 1733 1164 1809 palam
1179 1735 1229 1812 [α-

225 1817 326 1880 ctum?
357 1812 407 1876 Ac
428 1814 543 1894 falsam
562 1822 690 1894 propter
710 1815 854 1892 cuiquam
869 1817 1040 1877 mmmm?
1065 1817 1133 1895 quia
1157 1832 1229 1876 suos

224 1900 351 1981 quidque
372 1899 473 1960 borum
491 1897 572 1958 velut
588 1914 685 1957 mores
707 1896 812 1966 babet:
839 1897 1010 1977 plerumque
1035 1908 1147 1978 tamen,
1170 1917 1228 1961 non

224 2003 356 2064 semper,
374 1983 482 2062 alioqui
497 1981 654 2042 indubitata
670 1989 780 2057 essent,
799 1996 856 2040 non
870 1992 1048 2059 argumenta.

125 2105 128 2116 ι
181 2080 217 2134 ab
307 2067 494 2127 Excutiamus
507 2084 582 2126 nunc
598 2072 830 2143 argumentorum
848 2064 971 2134 iocos;
990 2083 1153 2145 quanquam
1164 2068 1228 2146 qui·

223 2149 390 2211 busdambi
409 2165 541 2229 quoque,
564 2148 720 2227 dequibus
744 2165 832 2227 supra
856 2148 932 2224 dixi,
957 2148 1100 2210 ridentur.
1131 2148 1228 2210 Locos

224 2232 343 2312 appello
363 2249 430 2309 non,
446 2241 478 2293 ut
492 2232 583 2310 vulgo
601 2251 677 2292 nunc
692 2231 900 2309 intelliguntur,
917 2233 946 2292 in
963 2232 1105 2294 luxuriam
1130 2243 1159 2294 et
1179 2234 1228 2294 ad·

223 2316 359 2377 ulterium
373 2326 403 2376 et
420 2317 539 2385 similia;
567 2315 620 2378 sed
643 2315 757 2376 sedas
782 2325 1099 2393 argumentorum,
1118 2319 1148 2376 in
1166 2319 1228 2396 qui·

179 2400 276 2465 tibus
297 2400 404 2476 latent,
427 2399 584 2479 exquibus
604 2407 670 2460 sunt
688 2398 822 2478 petenda.
856 2398 944 2476 Nam,
970 2409 1001 2460 ut
1023 2403 1052 2460 in
1072 2410 1151 2461 terra
1171 2417 1228 2461 uon

222 2485 298 2544 omui
314 2493 491 2562 generantur
510 2485 620 2559 omnia,
642 2501 698 2544 nec
721 2500 803 2543 avem
827 2490 875 2544 aut
900 2483 991 2544 ieram
1006 2485 1155 2564 reperias,
1179 2484 1228 2544 ubi

223 2585 358 2647 quaeque
373 2569 454 2628 nasci
472 2577 520 2628 aut
539 2568 645 2627 morari
664 2566 760 2626 soleat
777 2567 904 2644 ignarus,
927 2576 956 2627 et
970 2569 1092 2647 piscium
1110 2584 1227 2646 quoque

221 2669 332 2729 genera
348 2651 404 2712 alia
421 2651 515 2730 planis
530 2649 658 2729 gaudent
678 2649 734 2710 alia
749 2651 882 2726 succis,
904 2650 1073 2728 regionibus
1090 2653 1177 2712 etiam
1193 2651 1227 2711 li·

221 2734 394 2814 toribusque
410 2727 536 2797 discreta
552 2742 633 2809 sunt,
659 2750 716 2794 neo
741 2731 880 2813 helopem
894 2743 995 2794 nostro
1011 2736 1082 2795 mari
1097 2744 1146 2795 aut
1163 2753 1227 2796 sca·

221 2834 284 2876 rum
302 2817 409 2880 ducas:
436 2820 475 2880 ita
494 2835 551 2878 non
568 2833 653 2877 omne
672 2827 871 2894 argumentum
895 2817 1020 2896 undique
1045 2819 1124 2878 venit
1145 2819 1226 2880 ideo·

177 2913 280 2978 atque
296 2919 354 2962 uon
371 2904 479 2982 passim
499 2900 693 2980 quaerendum
710 2909 765 2961 est.
803 2899 910 2962 biultus
935 2901 1043 2981 alioqui
1059 2918 1143 2962 error
1166 2910 1226 2970 est;

222 2983 366 3046 exhausto
384 2986 502 3060 labore,
522 2983 599 3063 quod
614 3000 672 3044 non
689 2986 801 3046 ratione
821 2983 1022 3062 scrutabimur,
1043 3002 1101 3045 nou
1117 2987 1227 3064 poteri·

221 3085 284 3129 mus
301 3070 431 3130 invenire
447 3069 504 3128 nisi
523 3085 603 3128 casu.
633 3067 673 3128 At
689 3070 714 3128 si
729 3068 890 3146 scierimus,
905 3068 955 3129 nbi
972 3068 1109 3148 quodque
1124 3087 1227 3130 nasca-

222 3161 285 3296 tup:
304 3171 368 3215 cum
383 3152 419 3214 ad
436 3152 533 3213 locum
547 3159 665 3212 νοιιιιιιιι
682 3153 748 3228 erit,
764 3151 865 3230 facile,
886 3152 963 3232 quod
982 3154 1011 3212 in
1029 3169 1065 3213 eo
1082 3161 1138 3229 est,
1159 3171 1226 3232 pen

218 3237 247 3294 vi
270 3236 390 3297 obimus.
750 3259 752 3264 ·

177 3333 213 3388 23
304 3319 337 3380 lu
358 3319 457 3399 primis
475 3319 564 3398 igitur
582 3327 751 3398 argumenta
768 3337 785 3380 a
807 3337 974 3399 persona
997 3319 1127 3382 ducenda
1143 3329 1226 3387 sunu

221 3420 303 3479 cum,
322 3410 352 3463 ut
369 3402 445 3480 dixi,
467 3403 504 3463 sit
523 3402 644 3480 divisio,
670 3411 702 3463 ut
722 3404 816 3465 omnia
840 3404 868 3463 in
887 3403 962 3466 baec
980 3404 1037 3466 duo
1056 3404 1226 3484 partiamur,

123 3549 134 3570 x
221 3501 270 3544 res
288 3493 375 3564 atque
394 3503 554 3565 personas,
576 3494 607 3550 ut
625 3504 728 3566 causa,
750 3495 882 3566 tempus,
903 3487 1005 3566 locus,
1031 3487 1169 3566 occasio,
1183 3487 1226 3548 in·
