2592 3940
384 245 474 293 rusu.
487 244 721 310 cannosum.
734 242 818 312 v1‚3.
1044 235 1106 298 not

101 405 126 463 si
141 410 237 462 tamen
254 417 313 460 uon
327 401 365 459 sit
378 400 566 476 immodicus,
587 400 673 461 affert
693 400 802 478 aliquid
817 402 955 480 propriae
972 402 1106 481 voluptu-

100 488 155 546 tis:
177 486 218 546 ita
237 484 267 546 bi
290 499 408 564 quoque
429 485 458 542 in
479 483 603 544 diceudo
625 483 739 546 habeut
748 483 898 565 quiddam,
922 485 1000 564 quod
1021 485 1106 546 uobis

99 569 190 630 iaciat
210 567 346 629 audiendi
366 569 451 628 sitim.
485 564 665 627 Facetum
687 583 804 648 quoque
825 575 883 629 non
902 576 1014 628 tautum
1027 571 1106 630 circa

99 650 223 714 ridicula
245 653 350 730 opinor
370 653 544 712 consistere.
592 650 697 731 Neque
725 654 800 712 euim
823 653 936 713 diceret
959 651 1150 729 Horatiuato

98 736 227 796 facetum
259 735 392 796 carminis
419 752 513 812 genus
542 743 642 794 natura
668 752 842 797 concessum
868 753 937 796 esse
961 736 1105 814 Vergilio.

99 818 225 880 Decoris
247 819 322 880 banc
339 819 431 896 magis
454 827 484 878 et
505 818 639 879 excultae
658 819 807 880 cuiusdam
823 819 987 897 elegantiae
1005 820 1106 899 appel·

99 902 238 964 lationem
252 911 333 981 puto.
370 901 501 982 Ideoque
516 903 545 961 in
558 900 813 980 epistolisflicerc
829 902 903 964 haec
918 902 998 964 Bruti
1014 903 1107 964 reiert

98 985 208 1046 rerba:
230 984 300 1049 Noe
318 988 365 1048 tut
384 993 456 1047 sunt
474 987 573 1065 pedet
591 987 687 1064 faceti
715 1005 756 1048 ac
776 989 897 1050 deliciis
921 989 1108 1067 improdicott'

99 1069 229 1132 mollius.
266 1069 353 1145 Quod
377 1072 513 1130 coureuit
539 1087 604 1129 eum
630 1069 681 1128 illo
707 1069 880 1146 Horatiano,
906 1072 993 1134 molto
1014 1081 1107 1150 utque

98 1153 236 1232 [ocemont
253 1151 396 1233 Verpt'lio.
425 1152 545 1214 locum
559 1168 632 1212 vero
646 1153 814 1231 accipimus,
835 1154 913 1232 quod
931 1163 1148 1221 emmetra-nl

99 1239 173 1298 rium
188 1240 283 1308 serio;
304 1255 370 1298 uam
391 1246 421 1296 et
441 1236 554 1314 tingere
576 1244 606 1294 et
625 1243 739 1296 terrere
760 1245 790 1296 et
805 1238 975 1316 promittere
993 1238 1107 1298 iuterim

100 1323 183 1381 iocus
198 1331 253 1381 est.
283 1319 412 1380 Dieaci
423 1328 479 1378 tus
503 1319 565 1378 sine
581 1317 669 1379 dubio
685 1319 851 1398 edicendo,
871 1320 949 1397 quod
968 1329 1013 1380 est
1030 1323 1107 1380 omni

101 1406 204 1483 generi
223 1420 391 1479 commuue,
409 1402 495 1463 ducta
510 1411 573 1479 est,
589 1405 709 1482 proprie
724 1413 818 1465 tumen
833 1403 977 1482 siguificat
995 1421 1106 1464 sermo-

100 1505 167 1548 nem
182 1505 246 1548 cum
260 1489 319 1547 risu
334 1487 449 1565 aliquos
461 1487 666 1547 incessentem.
699 1486 770 1548 Ideo
788 1486 1007 1549 Demosthenen
1021 1487 1105 1548 urba·

101 1589 168 1632 num
188 1571 281 1631 iuisse
296 1570 405 1646 dicunt,
423 1570 554 1631 dicacem
568 1580 685 1648 negant.

185 1654 337 1734 Proprium
359 1663 455 1715 autern
474 1657 630 1729 materiae,
654 1655 691 1715 de
713 1672 770 1732 qua
791 1672 865 1714 nuuc
882 1655 1040 1732 loquimur,
1062 1663 1147 1720 estse

102 1737 314 1814 ridiculum,
337 1739 465 1816 ideoque
494 1738 568 1798 baec
595 1747 656 1798 tota
683 1738 839 1818 disputatio
861 1756 878 1798 a
899 1736 1019 1798 Graecis
1039 1736 1107 1816 περὶ

102 1823 216 1904 γελοίου
236 1821 411 1883 inscribitur.
444 1821 515 1882 liius
530 1823 621 1900 prima
637 1821 741 1881 divisio
757 1821 877 1882 traditur
893 1821 1009 1897 eadem,
1030 1838 1106 1899 quae
1138 1817 1140 1821 ’

103 1915 149 1968 est
170 1907 262 1966 oruuis
285 1907 441 1981 orationis,
465 1913 496 1966 ut
517 1907 555 1964 sit
573 1907 700 1983 positum
722 1908 751 1964 iu
772 1905 860 1966 rebus
882 1914 931 1966 aut
951 1907 980 1965 in
994 1904 1103 1964 verbis.

102 1989 179 2050 Usus
192 1997 287 2049 autem
301 1991 425 2050 maxime
439 1986 557 2067 triplex.
592 1989 653 2048 Aut
669 1989 743 2048 euim
759 2007 797 2048 ex
811 1989 906 2050 aliis
926 1990 1016 2049 risum
1032 1989 1150 2066 peti-23

102 2091 165 2134 mus
181 2083 229 2133 aut
244 2091 283 2134 ex
306 2071 414 2132 nobis
434 2080 483 2132 aut
504 2089 542 2132 ex
562 2071 672 2132 rebus
696 2072 841 2133 mediis.
873 2073 978 2133 Aliena
996 2081 1045 2132 aut
1058 2090 1105 2132 re·

103 2156 308 2236 prebeudimus
331 2165 380 2218 aut
398 2156 556 2217 refutamus
581 2165 630 2217 aut
649 2157 796 2218 elevamus
825 2165 873 2216 aut
892 2157 1105 2236 repercutimus

103 2249 152 2301 sut
166 2240 317 2300 eludimus.
347 2239 454 2301 Nostra
469 2240 592 2301 ridicule
607 2241 764 2302 iudicamus
781 2249 821 2316 et,
837 2250 868 2301 ιιι
880 2240 972 2300 verbo
985 2237 1105 2300 Cicero-

103 2326 148 2384 nis
168 2332 242 2400 utar,
259 2323 379 2384 dicimus
395 2322 491 2401 alique
509 2323 698 2385 subabsurda.
730 2323 862 2402 Namque
882 2322 1001 2397 eadem,
1018 2338 1104 2399 quae,

104 2410 130 2469 si
143 2405 373 2486 imprudentibus
387 2407 532 2482 excidant,
549 2408 637 2468 stulta
653 2414 734 2480 suut,
751 2409 776 2466 si
793 2406 968 2481 simulamus,
984 2413 1106 2464 venuste

106 2491 270 2553 creduntur.
299 2489 429 2551 Tertium
445 2499 490 2550 est
503 2499 617 2568 genus,
632 2499 664 2550 ut
677 2490 753 2551 idem
770 2489 854 2564 dicit,
880 2491 910 2548 in
926 2488 1149 2567 decipiendistt

106 2575 377 2655 exportationibus,
405 2575 490 2645 dictis
517 2573 603 2636 aliter
623 2572 802 2653 accipiendis
824 2575 1007 2650 ceterisque,
1030 2589 1105 2649 quae

104 2668 236 2720 neutram
255 2675 411 2738 personam
431 2659 601 2735 contingunt
616 2659 743 2736 ideoque
762 2675 779 2717 a
795 2674 841 2715 me
856 2655 951 2716 media
964 2655 1105 2716 dicuutur.

105 2743 186 2806 Item·
206 2741 404 2804 ridiculasaut
429 2741 585 2801 iacimus
613 2750 662 2802 aut
685 2741 848 2801 dicimus.
891 2738 1005 2799 Facto
1031 2740 1147 2799 risustt

107 2826 279 2889 conciliatur
293 2827 405 2886 iuterim
420 2825 544 2886 admixta
559 2827 717 2902 gravitate:
738 2833 769 2884 ut
782 2821 821 2883 bi.
838 2821 956 2883 caelius
975 2830 1105 2900 praetor,

107 2929 172 2971 curu
185 2909 290 2971 sellem
305 2912 367 2971 eius
386 2907 515 2970 curulem
532 2908 634 2969 consul
649 2908 794 2968 Isauricus
816 2905 971 2985 fregisset,
986 2906 1107 2967 alteram

3 3015 5 3020 ·
107 2995 205 3073 posuit
219 2994 291 3054 loris
306 2997 458 3061 intentum
482 2991 632 3053 dicebatur
647 3000 742 3052 autem
759 2991 861 3052 consul
879 2998 991 3070 apatre
1008 2989 1107 3065 flagris

108 3076 262 3153 aliquando
285 3094 403 3147 caesus;
425 3077 538 3136 interim
557 3077 620 3136 siue
640 3082 778 3155 respectu
799 3075 934 3154 pudoris,
956 3081 987 3132 ut
1007 3074 1035 3131 in
1057 3071 1107 3131 illa

107 3157 217 3240 pyxide
232 3156 385 3234 Caeliana,
407 3159 485 3238 quod
504 3176 602 3239 neque
627 3160 737 3220 orstcri
759 3176 855 3237 neque
875 3156 927 3216 ulli
946 3157 1009 3216 viro
1025 3154 1107 3232 gravi

109 3243 273 3305 conveniat.
311 3241 391 3302 Idem
412 3250 506 3301 autem
528 3244 565 3304 de
584 3244 666 3304 vutm
691 3251 837 3321 gestuque
857 3238 981 3301 ridiculo
1001 3239 1150 3299 dictumst

108 3329 161 3396 sit;
184 3328 213 3385 iu
229 3324 333 3404 quibus
348 3334 394 3384 est
410 3324 525 3401 quidem
539 3345 647 3388 summa
661 3328 770 3405 gratia,
787 3323 842 3384 sed
856 3325 963 3398 maior,
981 3340 1045 3383 cum
1060 3338 1108 3382 ca-

108 3420 192 3492 ptare
208 3411 297 3471 risum
313 3407 530 3478 nonvidentur;
548 3411 617 3472 nihil
633 3413 708 3470 euim
720 3417 766 3470 est
776 3408 832 3484 bis,
849 3425 924 3487 quae
940 3409 1015 3466 sicut
1030 3405 1109 3466 salsa

109 3495 258 3572 dicuntur,
281 3493 427 3555 insulsius.
466 3491 635 3574 Quanquam
654 3502 749 3554 autern
770 3494 882 3571 gratiss
899 3491 1051 3569 plurimum
1066 3488 1107 3549 di·
