2592 3940
398 244 489 294 snsn.
502 245 651 318 onerem
665 247 734 294 mn.
747 248 780 313 u,
793 243 835 298 14.
1054 236 1116 300 243

117 413 203 477 qnam
225 397 435 476 copiosissimis
456 399 554 460 verbis
576 397 733 478 approbari
753 408 857 479 putant
872 410 1023 479 oportere.
1053 402 1118 464 Hoc

117 497 176 558 ego
194 488 285 541 totum
300 498 366 542 cum
382 498 434 542 sne
449 483 563 544 ratione
579 499 664 542 unum
682 490 769 561 pnto;
792 483 901 564 alioqui
917 486 942 544 si
956 486 1030 546 ratio
1049 503 1117 566 pars

117 572 182 641 est,
201 572 246 624 est
263 573 358 625 autem
373 566 453 626 varia
468 566 559 626 ratio:
576 565 676 645 piures
692 575 790 644 partes
806 585 874 628 esse
890 567 1030 628 (licentur.
1061 569 1147 634 nes

116 649 309 727 sumptionem
323 648 428 710 deinde
445 650 541 728 ponit:
571 648 656 712 Nlltll
668 657 769 712 ccum
783 653 915 714 omnium
935 671 1040 715 rerum
1054 672 1117 714 me·

116 731 176 794 tta:
189 747 281 810 pacm
294 734 393 796 cmm:
404 734 539 796 mondus
553 734 797 796 adnumeratur.
834 733 923 796 Huius
946 738 1118 816 assumptio·

115 816 161 874 nis
182 823 285 894 quarto
310 815 340 876 in
365 815 434 876 loco
457 817 513 877 iarn
534 831 625 895 porro
640 817 777 878 inducunt
799 818 1054 897 approbationem:
1081 820 1118 882 de

117 914 175 978 qno
190 899 267 960 idem
282 899 360 977 quod
375 900 555 978 supradito.
585 897 691 974 Quinto
703 900 841 961 inducunt
852 901 921 962 loco
938 903 1148 982 complexio-9

115 997 198 1058 nem,
226 999 300 1061 qnae
322 991 371 1042 aut
390 983 419 1044 id
434 983 520 1044 inient
534 983 644 1060 solnm,
672 984 751 1064 quod
773 1003 810 1045 ex
835 985 965 1046 omnihus
989 986 1118 1065 partibus

116 1065 241 1144 cogitur,
257 1063 315 1126 hoc
332 1066 436 1142 modo,
458 1063 591 1130 Gon-:illo
604 1068 700 1145 ἕρδειν
714 1068 848 1129 mondus
864 1069 1120 1142 administratur,-

116 1157 182 1224 aut,
204 1165 288 1209 unum
309 1149 339 1209 in
353 1148 450 1210 locum
466 1168 530 1210 cum
546 1150 684 1210 conduxit
697 1149 828 1210 breviter
842 1153 1072 1230 propositionem
1090 1163 1120 1213 et

117 1232 353 1311 assumptionem,
371 1232 510 1310 adiungit,
527 1232 595 1312 quid
611 1249 650 1292 ex
664 1232 708 1292 his
725 1233 905 1309 conficiatur,
924 1234 959 1295 ad
972 1235 1048 1296 hunc
1058 1253 1118 1294 mo-

116 1315 196 1375 dum:
223 1313 341 1388 Quodsi
362 1316 471 1377 mellus
487 1323 654 1394 petantur,
679 1331 760 1394 qaue
781 1318 906 1380 concilio
928 1333 1020 1396 quam
1040 1335 1120 1398 quac

114 1399 182 1460 stoc
200 1398 325 1460 masilia
344 1400 618 1478 administrantur,
639 1400 716 1464 :sitit
739 1408 841 1462 cotem
860 1403 993 1464 ommam
1015 1421 1119 1465 rerum

114 1481 225 1544 mellus
241 1496 334 1559 quom
348 1483 592 1546 emmanuele:
606 1483 859 1546 commoratur.-
880 1487 1006 1548 coost'llo
1024 1487 1120 1566 lpltcr

115 1565 248 1627 eunuc:
261 1565 505 1628 adamalrtratar.
544 1564 597 1627 Cui
612 1568 686 1646 parti
701 1568 862 1628 consentio.

198 1646 231 1708 In
246 1647 337 1709 tribus
354 1657 459 1725 autem,
475 1667 546 1728 quas
559 1651 692 1727 fecimus,
710 1651 840 1730 pertibus
863 1668 920 1710 non
941 1660 986 1711 est
1003 1651 1160 1712 iormalo

116 1749 234 1810 semper
251 1730 353 1794 eadem
374 1732 426 1795 sed
449 1751 533 1810 una,
556 1735 585 1794 in
601 1733 750 1814 quoidam
768 1734 966 1811 concluditur,
983 1734 1061 1814 quod
1077 1737 1117 1794 in-

115 1814 256 1877 tenditur:
278 1813 393 1879 neema
405 1817 589 1880 imnsortclls
602 1826 657 1881 est.
686 1817 767 1879 Nam
780 1819 932 1896 quidquid
945 1837 986 1880 oe
1005 1835 1040 1880 sc
1052 1820 1119 1897 ipso

114 1905 262 1975 movetur,
276 1899 446 1962 immortale
460 1908 524 1970 eat:
543 1901 648 1964 aalma
661 1909 763 1963 autem
779 1919 820 1964 co
833 1921 867 1963 se
885 1903 957 1980 ipsc
969 1911 1117 1978 monetur,

114 1983 295 2044 immortalis
314 1984 410 2062 :attor
424 1992 470 2047 cst
486 1988 602 2046 aalma.
636 1983 700 2046 Hoc
720 1984 752 2043 tis
771 2000 829 2045 non
844 1985 938 2046 scium
953 1986 981 2044 in
996 1984 1117 2062 singulis

4 2087 5 2090 ¹
117 2067 293 2142 argumentis
315 2065 368 2126 scd
388 2067 417 2126 in
437 2068 505 2128 totis
531 2069 643 2144 nausis,
669 2084 743 2147 quae
767 2077 833 2129 sunt
852 2069 1019 2149 simplices,
1041 2077 1072 2128 et
1089 2070 1118 2128 in

116 2150 343 2230 praestionibus.
385 2149 458 2212 Nam
480 2160 510 2212 et
524 2152 579 2215 hae
601 2153 721 2232 primam
742 2150 849 2213 habent
868 2152 1159 2232 propositionem211

115 2232 321 2314 Socrtlcps‘am
344 2237 540 2307 commisisti:
562 2234 647 2312 Non,
673 2237 811 2314 quisquis
829 2237 977 2300 tonsum
991 2237 1117 2312 occidit,

116 2318 226 2380 caedis
239 2326 376 2393 tenetur,
398 2318 504 2380 deinde
520 2321 676 2388 rationem:
696 2319 765 2396 (sed
780 2319 855 2380 lraec
871 2321 960 2380 estin
976 2319 1072 2379 causis
1088 2327 1119 2378 et

116 2402 289 2481 quaestione
306 2400 423 2478 longior
438 2419 521 2480 quam
536 2403 564 2462 in
586 2401 707 2480 singulis
724 2404 922 2481 argumentis)
946 2410 976 2461 et
991 2401 1118 2480 plerum·

115 2501 173 2563 qne
195 2502 302 2544 summa
325 2484 545 2562 complexione,
572 2483 622 2546 vsi
650 2501 703 2564 per
727 2485 970 2545 enumerationem
993 2483 1043 2544 vel
1064 2502 1119 2563 per

115 2567 235 2628 brevem
262 2566 494 2644 conclusionem,
522 2577 681 2643 testantur,
706 2566 774 2647 quid
801 2568 960 2628 effecerint.
1002 2567 1035 2627 ln
1060 2567 1118 2627 hoo

114 2668 227 2729 genere
242 2650 406 2730 propositio
421 2651 508 2712 dultia
523 2660 579 2727 est,
595 2652 633 2713 tie
644 2651 699 2711 hac
710 2651 787 2710 enim
798 2652 955 2730 quaeritur.
986 2648 1160 2713 Alteralt

116 2742 162 2795 est
185 2733 351 2813 complexio
372 2750 430 2794 non
452 2752 506 2814 par
529 2735 680 2795 intentioni
702 2734 756 2795 sed
779 2736 837 2794 rim
863 2733 974 2794 habens
1001 2751 1118 2812 parem:

115 2815 201 2880 Mora
215 2818 293 2881 alltll
311 2819 356 2880 cd
368 2835 438 2893 stoc,
453 2835 524 2880 acm
538 2821 621 2897 quod
635 2826 680 2880 cst
698 2819 888 2895 discolatum,
903 2835 996 2880 sensu
1012 2825 1119 2888 caret,-

116 2904 199 2982 pucd
212 2909 314 2966 octeno
327 2921 421 2965 censu
440 2911 537 2978 caret,
558 2902 635 2964 niltll
643 2901 690 2963 aut
701 2919 766 2964 cos.
795 2899 828 2962 ln
844 2901 919 2962 alio
933 2919 1046 2979 genere
1061 2918 1120 2962 non

116 2985 219 3046 eadem
232 2986 396 3066 propositio
414 2994 460 3046 est
473 2990 550 3065 qnae
565 2986 726 3047 connexio:
750 2981 859 3048 Omma
886 2987 1035 3048 mimula
1055 3004 1117 3046 me-

114 3071 196 3132 liora
209 3077 280 3132 suot
298 3086 392 3149 pacm
411 3071 566 3147 inanima,
592 3069 669 3132 olltll
694 3077 795 3131 comm
815 3070 922 3132 melias
936 3077 981 3130 cst
994 3068 1119 3142 muodo,

115 3153 250 3214 muudus
268 3154 364 3232 lpitar
385 3155 509 3216 mlmcl.
550 3152 604 3214 liic
625 3160 725 3233 potest
743 3153 837 3213 videri
857 3152 894 3212 de
909 3168 943 3210 re
960 3149 1117 3210 contentio.

116 3235 212 3296 Potuit
227 3237 301 3296 enim
323 3237 367 3296 sic
388 3238 523 3298 constitui
540 3237 740 3299 ratiocinatio:
766 3233 891 3297 Ammoi
909 3243 955 3296 est
976 3233 1119 3309 mundus,

115 3321 317 3384 amalcarius
332 3319 482 3382 mamutio
502 3321 629 3384 meliora
652 3327 723 3382 aaut
745 3334 837 3397 qaam
855 3319 994 3380 inanima
1020 3325 1051 3377 et
1070 3333 1118 3376 ee·
1180 3365 1182 3370 ,

116 3415 188 3466 tera.
226 3402 307 3465 Haeo
321 3404 485 3483 propositio
502 3412 550 3464 aut
567 3404 703 3467 consessa
717 3411 763 3462 cst
782 3410 814 3462 nt
830 3401 972 3480 proxima,
989 3409 1037 3461 aut
1052 3404 1161 3478 pro-13

115 3487 210 3553 banda
232 3496 278 3566 ut,
311 3483 373 3562 oct
392 3487 516 3550 iactum
537 3490 630 3551 citam
655 3488 760 3550 clame
779 3486 874 3562 colet,
892 3483 1121 3630 plgitpscpltetar
