2592 3940
412 223 502 271 ruer.
520 222 757 273 calnomum.
775 223 827 291 vr,
842 221 869 274 a.
1077 210 1140 274 275

140 378 228 455 tibus,
248 331 326 457 quod
341 379 549 457 sexagenarius
567 375 717 438 Publiliam
731 379 872 455 virginem
887 378 1035 455 duxisset,
1062 377 1142 442 Orus

141 463 253 525 mulier
266 466 338 539 orit,
360 465 460 543 inquit.
495 461 559 522 Hoc
578 479 671 538 genus
694 462 762 522 dicti
784 473 1184 539 cousequeuevooantto

142 546 267 624 quidum,
283 556 370 624 atque
386 547 430 607 illi
445 544 553 620 simile,
580 545 657 622 quod
676 543 782 606 Cicero
799 541 952 606 curionem
973 563 1091 625 semper
1106 547 1143 608 ab

142 631 330 690 excusatione
347 632 449 690 aetatis
465 630 666 708 incipientem,
681 629 809 708 facilius
824 631 935 691 cotidie
954 633 1143 708 prooemium
1220 637 1224 644 '

140 714 268 791 mucre,
287 714 372 782 dixit:
394 716 459 792 quia
472 714 526 773 ista
540 721 640 773 natura
656 715 739 792 sequi
758 721 787 773 et
803 713 963 774 cohaerere
980 714 1141 774 videantur.

16 851 23 868 .
142 796 201 858 Sed
219 797 353 858 elevandi
373 815 466 876 genus
492 806 537 857 est
564 799 650 856 etiam
674 814 865 858 causarum
880 798 1003 874 relatio,
1022 816 1079 878 qua
1095 797 1184 866 tit-rr

142 897 213 942 cero
234 889 279 941 est
300 899 370 941 usus
390 883 418 942 in
437 881 590 941 Vatinium.
629 880 684 955 out
701 879 824 959 pedibus
840 899 947 960 aeger,
971 900 1034 942 cum
1050 882 1143 942 vellet

86 1023 87 1026 ,
140 964 234 1024 rideri
249 965 453 1026 commodioris
467 965 640 1026 valetudinis
655 965 748 1025 factus
766 973 795 1024 et
809 965 936 1042 diceret,
953 983 986 1026 se
1003 967 1058 1026 iam
1076 967 1143 1026 bina

140 1048 219 1108 milia
234 1065 370 1126 passuum
384 1048 548 1125 ambulare,
564 1046 640 1108 Dies
654 1041 751 1123 euim,
772 1049 879 1126 inquit,
899 1052 1051 1128 loupiorec
1062 1059 1142 1112 ourtt.

141 1129 180 1191 lut
202 1131 351 1210 Augustus
371 1132 564 1198 nuntiantibus
586 1129 873 1206 Tarraconensibus,
895 1132 1020 1210 palmam
1042 1136 1071 1192 in
1094 1150 1143 1193 ara

141 1215 204 1275 eius
231 1226 357 1291 enatam,
383 1215 539 1294 Apparet,
572 1215 678 1292 inquit,
711 1231 804 1292 quum
832 1233 927 1294 coepe
951 1218 1143 1278 accendatis.

141 1297 354 1360 Transtulit
376 1300 484 1358 crimen
499 1296 618 1359 Cassius
632 1297 771 1358 Severus,
807 1296 879 1357 Nam
895 1317 959 1358 cum
974 1298 1184 1377 obiurgare-ta

141 1390 187 1442 tur
203 1400 219 1441 a
234 1390 388 1459 praetore,
410 1382 488 1460 quod
503 1382 636 1442 aduocati
658 1382 719 1441 eius
738 1381 769 1441 b.
785 1380 864 1441 Varo
880 1381 1046 1460 Epicureo,
1069 1381 1143 1443 Cae-

141 1466 215 1524 saris
233 1467 340 1540 amico,
357 1467 518 1526 convicium
529 1466 686 1542 iecissent,
702 1463 831 1542 Nescio,
847 1466 953 1544 inquit,
970 1469 1023 1545 qui
1038 1469 1142 1529 conoi-

142 1549 217 1610 eiuta'
229 1549 300 1625 mut,
316 1557 345 1610 et
357 1557 432 1628 puto
445 1548 565 1612 Stoicos
581 1549 688 1628 [uisae.
1218 1555 1220 1560 '

226 1631 527 1710 Repercutieudi
546 1633 633 1693 multu
659 1641 724 1693 suut
748 1650 875 1711 genera,
899 1634 1142 1709 venustissimum,

142 1715 221 1795 quod
236 1718 322 1777 etiam
337 1717 521 1779 similitudine
541 1717 637 1794 aliqua
651 1715 734 1777 verbi
753 1717 916 1777 adiuvatur:
939 1725 971 1776 ut
983 1715 1143 1776 Trachalus

142 1799 248 1862 dicenti
265 1798 377 1876 Suelio,
392 1799 429 1861 Si
440 1802 499 1862 luoc
510 1802 555 1862 t'to
571 1809 632 1877 eat,
652 1803 681 1862 ia
693 1802 726 1862 iu
738 1803 882 1869 cciliumr
901 1801 929 1861 oi
949 1819 1009 1862 nort
1027 1809 1072 1862 eet
1085 1802 1142 1876 ito,

141 1885 244 1961 redis,
265 1884 366 1963 iuquit.
406 1883 527 1945 Elusit
549 1882 667 1944 Cassius
688 1885 815 1945 Severus
838 1883 993 1944 obiiciente
1009 1883 1142 1961 quodam,
1151 1887 1184 1944 to

143 1967 219 2058 quod
242 1969 269 2028 ei
291 1967 377 2027 domo
400 1986 452 2029 sua
483 1966 654 2028 Proculeius
684 1969 899 2044 interdixisset,
925 1967 1142 2046 respondendo,

140 2049 297 2130 Numquid
311 2069 384 2130 erpo
396 2054 470 2114 illuc
485 2053 622 2113 accedo?
651 2052 701 2112 Sic
720 2051 845 2112 eluditur
863 2061 893 2111 et
911 2050 1062 2111 ridiculum
1077 2049 1144 2110 ridi·

143 2134 226 2197 culo:
251 2144 282 2195 ut
297 2133 379 2195 dirus
395 2136 561 2215 Augustus,
578 2153 643 2195 cum
663 2137 690 2195 ei
706 2134 780 2197 Galli
796 2145 928 2213 torquem
943 2153 1060 2196 aureum
1076 2151 1142 2193 cen·

141 2226 200 2277 tum
213 2218 312 2294 pondo
330 2218 488 2296 dedissent,
501 2230 530 2280 et
545 2218 701 2280 Dolabella
716 2238 771 2300 per
785 2220 880 2280 iocum
894 2227 1037 2298 temptans
1049 2227 1144 2277 tamen

140 2300 199 2360 ioci
214 2301 259 2362 sui
278 2309 411 2361 euentum
426 2302 558 2377 dixisset,
574 2301 759 2380 Imperator,
775 2312 882 2380 torque
898 2323 945 2363 me
963 2305 1062 2362 douo:
1078 2299 1144 2360 Mu·

141 2384 181 2461 lo,
197 2383 300 2462 inquit,
316 2393 364 2444 ter
377 2387 477 2447 civico
496 2386 635 2455 douure;
650 2386 828 2445 mendacium
848 2402 966 2464 quoque
982 2383 1187 2458 mendacium
1289 2377 1290 2380 '

142 2475 172 2526 ut
189 2465 297 2543 Galba,
313 2467 427 2528 dicente
443 2467 582 2546 quodam,
607 2468 761 2529 victoriato
779 2487 812 2529 se
829 2485 885 2528 uuo
901 2469 930 2527 in
945 2468 1044 2528 Sicilia
1063 2468 1143 2543 quin-

128 2568 199 2630 ·que
219 2549 312 2628 pedes
335 2551 451 2629 longam
467 2569 612 2612 murenam
634 2553 760 2624 emissae
776 2551 873 2629 Natat,
890 2553 997 2630 iuquit,
1014 2551 1143 2620 mirum·

140 2651 214 2696 uam
228 2635 272 2696 idi
286 2643 347 2696 tum
360 2637 469 2715 loupue
483 2645 670 2712 nascuntur,
690 2644 724 2697 ut
737 2637 777 2697 iis
788 2638 963 2716 piscatores
975 2652 1034 2713 pro
1052 2635 1143 2694 retti-
1289 2675 1290 2686 η

142 2717 201 2780 dur
227 2719 435 2795 cingantur.
483 2714 634 2779 cornaria
664 2729 710 2779 est
729 2722 846 2798 neganti
875 2718 1183 2780 confessionisst
1289 2731 1290 2756 t

142 2800 301 2878 simulatio,
329 2800 382 2862 sed
402 2804 465 2881 ipsa
487 2819 604 2881 quoque
624 2802 741 2863 multum
766 2804 854 2865 babet
877 2803 1055 2863 urbanitatis.
1095 2801 1144 2861 Sic

141 2884 226 2962 Ater,
245 2903 309 2945 cum
325 2895 428 2964 ageret
443 2895 544 2946 contra
559 2886 693 2947 libertum
710 2885 822 2949 Claudii
839 2884 985 2962 Caesaris,
1006 2894 1035 2945 et
1050 2903 1088 2944 ex
1103 2883 1144 2943 di·
1167 2908 1171 2914 ·

119 2986 229 3029 .verso
246 2969 360 3046 quidam
382 2969 561 3032 condicionis
583 2969 728 3047 eiusdem,
753 2973 833 3032 cuius
850 2981 912 3032 erat
930 2971 1074 3046 litigator,
1093 2983 1144 3026 ex·

143 3051 312 3128 clamasset,
329 3052 497 3118 Praetereo
512 3062 544 3116 tu
558 3072 679 3133 semper
693 3057 726 3116 iu
740 3057 864 3119 libertos
882 3053 1029 3115 Caesarie
1047 3051 1144 3112 diois.-

141 3132 209 3196 Neo
227 3136 416 3215 mehercule,
441 3139 548 3217 inquit,
574 3141 737 3217 quicquum
756 3139 895 3219 proficio.
942 3135 995 3196 Gui
1019 3136 1144 3195 ricinum

142 3227 188 3280 est
202 3235 266 3286 nou,
275 3237 401 3300 negare,
417 3222 496 3300 quod
514 3220 666 3299 obiicitur,
692 3241 755 3283 cum
778 3233 808 3284 at
825 3223 853 3283 id
869 3220 965 3301 palum
979 3218 1083 3280 falsum
1099 3228 1144 3279 est

142 3303 251 3363 etiude
266 3305 385 3365 materia
406 3304 482 3365 bene
502 3305 698 3385 respondendi
716 3307 814 3368 datur:
841 3315 871 3367 ut
896 3303 1015 3366 catulus
1037 3303 1143 3363 dicenti

141 3383 291 3466 Philippo,
315 3385 398 3462 Quid
416 3389 537 3452 lutrae?
553 3383 666 3454 Furem
685 3391 785 3468 uideo,
808 3391 908 3470 iuquit.
928 3387 981 3448 ¹lu
995 3406 1028 3448 se
1043 3385 1187 3454 dicerem

140 3487 200 3531 non
215 3471 278 3532 iere
295 3481 341 3533 est
354 3473 409 3532 nisi
424 3489 589 3534 scurrarum
607 3481 637 3534 et
657 3474 685 3533 iu
701 3483 818 3536 oratore
833 3472 1060 3618 utiquegnpiuime
1075 3486 1143 3552 pro·
1162 3507 1171 3518 =
