<?xml version="1.0" encoding="UTF-8"?>
<!DOCTYPE html PUBLIC "-//W3C//DTD XHTML 1.0 Transitional//EN"
    "http://www.w3.org/TR/xhtml1/DTD/xhtml1-transitional.dtd">
<html xmlns="http://www.w3.org/1999/xhtml" xml:lang="en" lang="en">
 <head>
  <title>
</title>
<meta http-equiv="Content-Type" content="text/html;charset=utf-8" />
  <meta name='ocr-system' content='tesseract 3.04.00' />
  <meta name='ocr-capabilities' content='ocr_page ocr_carea ocr_par ocr_line ocrx_word'/>
</head>
<body>
  <div class='ocr_page' id='page_1' title='image "./mfabiiquintilia19quingoog_0174.png"; bbox 0 0 2608 3948; ppageno 0'>
   <div class='ocr_carea' id='block_1_1' title="bbox 402 201 1128 280">
    <p class='ocr_par' dir='ltr' id='par_1_1' title="bbox 402 201 1128 280">
     <span class='ocr_line' id='line_1_1' title="bbox 402 201 1128 280; baseline 0.006 -20"><span class='ocrx_word' id='word_1_1' title='bbox 402 211 655 261; x_wconf 71' lang='lat' dir='ltr'>monoceron.</span> <span class='ocrx_word' id='word_1_2' title='bbox 671 213 740 261; x_wconf 81' lang='lat' dir='ltr'>nro.</span> <span class='ocrx_word' id='word_1_3' title='bbox 756 213 793 260; x_wconf 91' lang='lat' dir='ltr'>1v</span> <span class='ocrx_word' id='word_1_4' title='bbox 798 245 807 280; x_wconf 93' lang='lat'><em>,</em></span> <span class='ocrx_word' id='word_1_5' title='bbox 823 212 848 264; x_wconf 90' lang='lat'>1.</span> <span class='ocrx_word' id='word_1_6' title='bbox 1070 201 1128 264; x_wconf 84' lang='lat'>153</span> 
     </span>
    </p>
   </div>
   <div class='ocr_carea' id='block_1_2' title="bbox 127 365 1127 448">
    <p class='ocr_par' dir='ltr' id='par_1_2' title="bbox 127 365 1127 448">
     <span class='ocr_line' id='line_1_2' title="bbox 127 365 1127 448; baseline 0.004 -21"><span class='ocrx_word' id='word_1_7' title='bbox 127 376 184 428; x_wconf 85' lang='lat' dir='ltr'>tom</span> <span class='ocrx_word' id='word_1_8' title='bbox 209 365 283 428; x_wconf 88' lang='lat' dir='ltr'>hanc</span> <span class='ocrx_word' id='word_1_9' title='bbox 304 384 371 427; x_wconf 88' lang='lat' dir='ltr'>esse</span> <span class='ocrx_word' id='word_1_10' title='bbox 396 375 463 428; x_wconf 87' lang='lat' dir='ltr'>ante</span> <span class='ocrx_word' id='word_1_11' title='bbox 486 367 650 445; x_wconf 87' lang='lat' dir='ltr'>ingressum</span> <span class='ocrx_word' id='word_1_12' title='bbox 674 369 734 446; x_wconf 88' lang='lat' dir='ltr'>rei,</span> <span class='ocrx_word' id='word_1_13' title='bbox 763 367 799 428; x_wconf 92' lang='lat' dir='ltr'>de</span> <span class='ocrx_word' id='word_1_14' title='bbox 830 383 885 446; x_wconf 85' lang='lat' dir='ltr'>qua</span> <span class='ocrx_word' id='word_1_15' title='bbox 907 367 1127 448; x_wconf 73' lang='lat' dir='ltr'>dicendumst,</span> 
     </span>
    </p>
   </div>
   <div class='ocr_carea' id='block_1_3' title="bbox 35 449 1157 530">
    <p class='ocr_par' dir='ltr' id='par_1_3' title="bbox 35 449 1157 530">
     <span class='ocr_line' id='line_1_3' title="bbox 35 449 1157 530; baseline 0.005 -18"><span class='ocrx_word' id='word_1_16' title='bbox 35 449 37 454; x_wconf 76' lang='grc'><strong>’</strong></span> <span class='ocrx_word' id='word_1_17' title='bbox 126 450 289 512; x_wconf 86' lang='lat' dir='ltr'>ostendunt.</span> <span class='ocrx_word' id='word_1_18' title='bbox 328 449 401 512; x_wconf 86' lang='lat' dir='ltr'>Nam</span> <span class='ocrx_word' id='word_1_19' title='bbox 421 452 483 510; x_wconf 86' lang='lat' dir='ltr'>sive</span> <span class='ocrx_word' id='word_1_20' title='bbox 505 459 680 530; x_wconf 88' lang='lat' dir='ltr'>propterea,</span> <span class='ocrx_word' id='word_1_21' title='bbox 703 450 781 530; x_wconf 81' lang='lat' dir='ltr'>quod</span> <span class='ocrx_word' id='word_1_22' title='bbox 802 451 872 529; x_wconf 75' lang='lat' dir='ltr'>cipp</span> <span class='ocrx_word' id='word_1_23' title='bbox 887 459 998 514; x_wconf 80' lang='lat' dir='ltr'>coatus</span> <span class='ocrx_word' id='word_1_24' title='bbox 1013 461 1073 529; x_wconf 88' lang='lat' dir='ltr'>est,</span> <span class='ocrx_word' id='word_1_25' title='bbox 1100 462 1157 518; x_wconf 82' lang='lat' dir='ltr'>ota</span> 
     </span>
    </p>
   </div>
   <div class='ocr_carea' id='block_1_4' title="bbox 124 533 1158 1789">
    <p class='ocr_par' dir='ltr' id='par_1_4' title="bbox 124 533 1158 1789">
     <span class='ocr_line' id='line_1_4' title="bbox 126 533 1128 615; baseline 0.001 -19"><span class='ocrx_word' id='word_1_26' title='bbox 126 533 285 597; x_wconf 86' lang='lat' dir='ltr'>citharoedi</span> <span class='ocrx_word' id='word_1_27' title='bbox 299 551 394 613; x_wconf 90' lang='lat' dir='ltr'>pauca</span> <span class='ocrx_word' id='word_1_28' title='bbox 408 533 468 610; x_wconf 82' lang='lat' dir='ltr'>illa,</span> <span class='ocrx_word' id='word_1_29' title='bbox 485 551 571 614; x_wconf 82' lang='lat' dir='ltr'>quae,</span> <span class='ocrx_word' id='word_1_30' title='bbox 589 543 741 615; x_wconf 82' lang='lat' dir='ltr'>autequam</span> <span class='ocrx_word' id='word_1_31' title='bbox 752 534 911 612; x_wconf 88' lang='lat' dir='ltr'>legitimum</span> <span class='ocrx_word' id='word_1_32' title='bbox 926 543 1072 597; x_wconf 90' lang='lat' dir='ltr'>certamen</span> <span class='ocrx_word' id='word_1_33' title='bbox 1087 538 1128 598; x_wconf 92' lang='lat' dir='ltr'>in·</span> 
     </span>
     <span class='ocr_line' id='line_1_5' title="bbox 125 617 1128 698; baseline 0 -17"><span class='ocrx_word' id='word_1_34' title='bbox 125 618 248 695; x_wconf 89' lang='lat' dir='ltr'>choent‚</span> <span class='ocrx_word' id='word_1_35' title='bbox 273 617 421 679; x_wconf 82' lang='lat' dir='ltr'>emerendi</span> <span class='ocrx_word' id='word_1_36' title='bbox 436 617 545 679; x_wconf 75' lang='lat' dir='ltr'>favoris</span> <span class='ocrx_word' id='word_1_37' title='bbox 566 621 658 697; x_wconf 87' lang='lat' dir='ltr'>gratia</span> <span class='ocrx_word' id='word_1_38' title='bbox 680 627 800 694; x_wconf 89' lang='lat' dir='ltr'>canunt,</span> <span class='ocrx_word' id='word_1_39' title='bbox 822 620 1002 697; x_wconf 90' lang='lat' dir='ltr'>prooemium</span> <span class='ocrx_word' id='word_1_40' title='bbox 1020 637 1128 698; x_wconf 85' lang='lat' dir='ltr'>cogno·</span> 
     </span>
     <span class='ocr_line' id='line_1_6' title="bbox 126 699 1130 782; baseline 0.002 -19"><span class='ocrx_word' id='word_1_41' title='bbox 126 705 322 780; x_wconf 78' lang='lat' dir='ltr'>minaverunt,</span> <span class='ocrx_word' id='word_1_42' title='bbox 347 710 482 763; x_wconf 89' lang='lat' dir='ltr'>oratores</span> <span class='ocrx_word' id='word_1_43' title='bbox 501 716 618 782; x_wconf 84' lang='lat' dir='ltr'>qnoque</span> <span class='ocrx_word' id='word_1_44' title='bbox 642 720 694 779; x_wconf 86' lang='lat' dir='ltr'>ea,</span> <span class='ocrx_word' id='word_1_45' title='bbox 716 699 807 780; x_wconf 80' lang='lat' dir='ltr'>quae,</span> <span class='ocrx_word' id='word_1_46' title='bbox 830 703 996 781; x_wconf 84' lang='lat' dir='ltr'>priusquam</span> <span class='ocrx_word' id='word_1_47' title='bbox 1015 721 1130 765; x_wconf 90' lang='lat' dir='ltr'>causam</span> 
     </span>
     <span class='ocr_line' id='line_1_7' title="bbox 125 780 1128 866; baseline 0.001 -19"><span class='ocrx_word' id='word_1_48' title='bbox 125 785 324 864; x_wconf 85' lang='lat' dir='ltr'>exordiantur,</span> <span class='ocrx_word' id='word_1_49' title='bbox 341 786 377 846; x_wconf 83' lang='lat' dir='ltr'>ad</span> <span class='ocrx_word' id='word_1_50' title='bbox 389 785 587 847; x_wconf 89' lang='lat' dir='ltr'>conciliandos</span> <span class='ocrx_word' id='word_1_51' title='bbox 600 785 656 845; x_wconf 85' lang='lat' dir='ltr'>sibi</span> <span class='ocrx_word' id='word_1_52' title='bbox 670 784 795 847; x_wconf 90' lang='lat' dir='ltr'>iudicum</span> <span class='ocrx_word' id='word_1_53' title='bbox 810 783 920 846; x_wconf 79' lang='lat' dir='ltr'>animos</span> <span class='ocrx_word' id='word_1_54' title='bbox 932 780 1128 866; x_wconf 89' lang='lat' dir='ltr'>praeloquun-</span> 
     </span>
     <span class='ocr_line' id='line_1_8' title="bbox 125 862 1156 951; baseline 0.002 -21"><span class='ocrx_word' id='word_1_55' title='bbox 125 880 187 947; x_wconf 76' lang='lat' dir='ltr'>tur,</span> <span class='ocrx_word' id='word_1_56' title='bbox 210 869 312 931; x_wconf 88' lang='lat' dir='ltr'>cadem</span> <span class='ocrx_word' id='word_1_57' title='bbox 335 869 533 951; x_wconf 71' lang='lat' dir='ltr'>appellatione</span> <span class='ocrx_word' id='word_1_58' title='bbox 553 871 716 950; x_wconf 67' lang='lat' dir='ltr'>signoruum</span> <span class='ocrx_word' id='word_1_59' title='bbox 744 871 824 946; x_wconf 85' lang='lat' dir='ltr'>sive,</span> <span class='ocrx_word' id='word_1_60' title='bbox 848 869 926 949; x_wconf 88' lang='lat' dir='ltr'>quod</span> <span class='ocrx_word' id='word_1_61' title='bbox 941 862 1028 947; x_wconf 74' lang='grc' dir='ltr'><em>οἷμον</em></span> <span class='ocrx_word' id='word_1_62' title='bbox 1041 871 1156 936; x_wconf 77' lang='lat' dir='ltr'>iidema</span> 
     </span>
     <span class='ocr_line' id='line_1_9' title="bbox 126 951 1131 1033; baseline 0 -17"><span class='ocrx_word' id='word_1_63' title='bbox 126 951 330 1016; x_wconf 76' lang='lat' dir='ltr'>Graecinium</span> <span class='ocrx_word' id='word_1_64' title='bbox 351 952 566 1032; x_wconf 86' lang='lat' dir='ltr'>appellaut‚·id</span> <span class='ocrx_word' id='word_1_65' title='bbox 587 953 665 1033; x_wconf 85' lang='lat' dir='ltr'>quod</span> <span class='ocrx_word' id='word_1_66' title='bbox 688 961 754 1016; x_wconf 88' lang='lat' dir='ltr'>ante</span> <span class='ocrx_word' id='word_1_67' title='bbox 769 955 934 1031; x_wconf 86' lang='lat' dir='ltr'>ingressum</span> <span class='ocrx_word' id='word_1_68' title='bbox 948 954 1131 1033; x_wconf 87' lang='lat' dir='ltr'>reiponitur</span> 
     </span>
     <span class='ocr_line' id='line_1_10' title="bbox 125 1038 1129 1119; baseline 0.005 -23"><span class='ocrx_word' id='word_1_69' title='bbox 125 1039 169 1098; x_wconf 88' lang='lat' dir='ltr'>sic</span> <span class='ocrx_word' id='word_1_70' title='bbox 189 1053 297 1098; x_wconf 81' lang='lat' dir='ltr'>vocare</span> <span class='ocrx_word' id='word_1_71' title='bbox 318 1045 364 1097; x_wconf 88' lang='lat' dir='ltr'>est</span> <span class='ocrx_word' id='word_1_72' title='bbox 379 1038 551 1098; x_wconf 89' lang='lat' dir='ltr'>institutum:</span> <span class='ocrx_word' id='word_1_73' title='bbox 573 1047 654 1100; x_wconf 90' lang='lat' dir='ltr'>certe</span> <span class='ocrx_word' id='word_1_74' title='bbox 671 1039 852 1118; x_wconf 90' lang='lat' dir='ltr'>prooemium</span> <span class='ocrx_word' id='word_1_75' title='bbox 868 1046 929 1114; x_wconf 87' lang='lat' dir='ltr'>est,</span> <span class='ocrx_word' id='word_1_76' title='bbox 952 1038 1031 1114; x_wconf 86' lang='lat' dir='ltr'>quod</span> <span class='ocrx_word' id='word_1_77' title='bbox 1053 1039 1129 1119; x_wconf 91' lang='lat' dir='ltr'>apud</span> 
     </span>
     <span class='ocr_line' id='line_1_11' title="bbox 125 1120 1128 1200; baseline 0.003 -20"><span class='ocrx_word' id='word_1_78' title='bbox 125 1120 248 1182; x_wconf 89' lang='lat' dir='ltr'>iudicem</span> <span class='ocrx_word' id='word_1_79' title='bbox 263 1121 335 1197; x_wconf 86' lang='lat' dir='ltr'>dici,</span> <span class='ocrx_word' id='word_1_80' title='bbox 357 1121 524 1200; x_wconf 89' lang='lat' dir='ltr'>priusquam</span> <span class='ocrx_word' id='word_1_81' title='bbox 540 1138 656 1182; x_wconf 90' lang='lat' dir='ltr'>causam</span> <span class='ocrx_word' id='word_1_82' title='bbox 675 1122 858 1199; x_wconf 85' lang='lat' dir='ltr'>cognoverit,</span> <span class='ocrx_word' id='word_1_83' title='bbox 876 1120 987 1199; x_wconf 87' lang='lat' dir='ltr'>possit;</span> <span class='ocrx_word' id='word_1_84' title='bbox 1009 1123 1128 1183; x_wconf 87' lang='lat' dir='ltr'>vitiose·</span> 
     </span>
     <span class='ocr_line' id='line_1_12' title="bbox 125 1203 1128 1284; baseline 0 -18"><span class='ocrx_word' id='word_1_85' title='bbox 125 1221 182 1284; x_wconf 87' lang='lat' dir='ltr'>que</span> <span class='ocrx_word' id='word_1_86' title='bbox 201 1206 230 1264; x_wconf 92' lang='lat' dir='ltr'>in</span> <span class='ocrx_word' id='word_1_87' title='bbox 250 1203 362 1267; x_wconf 87' lang='lat' dir='ltr'>scholis</span> <span class='ocrx_word' id='word_1_88' title='bbox 382 1205 519 1283; x_wconf 84' lang='lat' dir='ltr'>iacimus,</span> <span class='ocrx_word' id='word_1_89' title='bbox 550 1205 628 1284; x_wconf 81' lang='lat' dir='ltr'>quod</span> <span class='ocrx_word' id='word_1_90' title='bbox 655 1205 778 1266; x_wconf 89' lang='lat' dir='ltr'>exordio</span> <span class='ocrx_word' id='word_1_91' title='bbox 806 1221 926 1284; x_wconf 87' lang='lat' dir='ltr'>semper</span> <span class='ocrx_word' id='word_1_92' title='bbox 946 1205 990 1265; x_wconf 92' lang='lat' dir='ltr'>sic</span> <span class='ocrx_word' id='word_1_93' title='bbox 1013 1207 1128 1283; x_wconf 84' lang='lat' dir='ltr'>utimur,</span> 
     </span>
     <span class='ocr_line' id='line_1_13' title="bbox 124 1285 1158 1366; baseline 0.004 -18"><span class='ocrx_word' id='word_1_94' title='bbox 124 1289 207 1366; x_wconf 86' lang='lat' dir='ltr'>quasi</span> <span class='ocrx_word' id='word_1_95' title='bbox 229 1305 345 1349; x_wconf 85' lang='lat' dir='ltr'>causam</span> <span class='ocrx_word' id='word_1_96' title='bbox 367 1288 455 1350; x_wconf 89' lang='lat' dir='ltr'>iudex</span> <span class='ocrx_word' id='word_1_97' title='bbox 478 1292 534 1352; x_wconf 90' lang='lat' dir='ltr'>iam</span> <span class='ocrx_word' id='word_1_98' title='bbox 556 1291 680 1352; x_wconf 86' lang='lat' dir='ltr'>noverit.</span> <span class='ocrx_word' id='word_1_99' title='bbox 717 1285 805 1350; x_wconf 82' lang='lat' dir='ltr'>Guius</span> <span class='ocrx_word' id='word_1_100' title='bbox 821 1288 867 1349; x_wconf 90' lang='lat' dir='ltr'>rei</span> <span class='ocrx_word' id='word_1_101' title='bbox 886 1288 1003 1350; x_wconf 90' lang='lat' dir='ltr'>licentia</span> <span class='ocrx_word' id='word_1_102' title='bbox 1019 1307 1057 1348; x_wconf 89' lang='lat' dir='ltr'>cx</span> <span class='ocrx_word' id='word_1_103' title='bbox 1071 1289 1158 1358; x_wconf 69' lang='lat' dir='ltr'>hoel</span> 
     </span>
     <span class='ocr_line' id='line_1_14' title="bbox 125 1371 1128 1452; baseline 0.001 -21"><span class='ocrx_word' id='word_1_104' title='bbox 125 1378 188 1447; x_wconf 82' lang='lat' dir='ltr'>est,</span> <span class='ocrx_word' id='word_1_105' title='bbox 211 1373 289 1450; x_wconf 88' lang='lat' dir='ltr'>qnod</span> <span class='ocrx_word' id='word_1_106' title='bbox 304 1380 371 1432; x_wconf 89' lang='lat' dir='ltr'>ante</span> <span class='ocrx_word' id='word_1_107' title='bbox 387 1372 626 1435; x_wconf 74' lang='lat' dir='ltr'>declamationem</span> <span class='ocrx_word' id='word_1_108' title='bbox 647 1372 699 1436; x_wconf 92' lang='lat' dir='ltr'>illa</span> <span class='ocrx_word' id='word_1_109' title='bbox 719 1372 801 1435; x_wconf 88' lang='lat' dir='ltr'>velut</span> <span class='ocrx_word' id='word_1_110' title='bbox 822 1373 917 1452; x_wconf 81' lang='lat' dir='ltr'>imago</span> <span class='ocrx_word' id='word_1_111' title='bbox 933 1371 992 1434; x_wconf 92' lang='lat' dir='ltr'>litis</span> <span class='ocrx_word' id='word_1_112' title='bbox 1007 1374 1128 1452; x_wconf 90' lang='lat' dir='ltr'>exponi·</span> 
     </span>
     <span class='ocr_line' id='line_1_15' title="bbox 124 1455 1128 1538; baseline 0.004 -24"><span class='ocrx_word' id='word_1_113' title='bbox 124 1464 180 1515; x_wconf 86' lang='lat' dir='ltr'>tur.</span> <span class='ocrx_word' id='word_1_114' title='bbox 217 1455 276 1516; x_wconf 90' lang='lat' dir='ltr'>Sed</span> <span class='ocrx_word' id='word_1_115' title='bbox 297 1456 326 1515; x_wconf 94' lang='lat' dir='ltr'>in</span> <span class='ocrx_word' id='word_1_116' title='bbox 346 1455 413 1516; x_wconf 90' lang='lat' dir='ltr'>ioro</span> <span class='ocrx_word' id='word_1_117' title='bbox 429 1473 546 1536; x_wconf 82' lang='lat' dir='ltr'>quoque</span> <span class='ocrx_word' id='word_1_118' title='bbox 570 1459 740 1535; x_wconf 88' lang='lat' dir='ltr'>contingere</span> <span class='ocrx_word' id='word_1_119' title='bbox 763 1457 839 1518; x_wconf 91' lang='lat' dir='ltr'>istud</span> <span class='ocrx_word' id='word_1_120' title='bbox 854 1457 1061 1538; x_wconf 80' lang='lat' dir='ltr'>principiorum</span> <span class='ocrx_word' id='word_1_121' title='bbox 1075 1475 1128 1536; x_wconf 84' lang='lat' dir='ltr'>ge·</span> 
     </span>
     <span class='ocr_line' id='line_1_16' title="bbox 124 1538 1127 1622; baseline 0.005 -25"><span class='ocrx_word' id='word_1_122' title='bbox 124 1556 179 1597; x_wconf 92' lang='lat' dir='ltr'>nus</span> <span class='ocrx_word' id='word_1_123' title='bbox 200 1538 335 1599; x_wconf 86' lang='lat' dir='ltr'>secundis</span> <span class='ocrx_word' id='word_1_124' title='bbox 350 1538 512 1600; x_wconf 78' lang='lat' dir='ltr'>actionibus</span> <span class='ocrx_word' id='word_1_125' title='bbox 527 1550 627 1620; x_wconf 86' lang='lat' dir='ltr'>potest</span> <span class='ocrx_word' id='word_1_126' title='bbox 633 1563 641 1612; x_wconf 91' lang='lat'>;</span> <span class='ocrx_word' id='word_1_127' title='bbox 659 1542 759 1622; x_wconf 91' lang='lat' dir='ltr'>primis</span> <span class='ocrx_word' id='word_1_128' title='bbox 776 1541 893 1621; x_wconf 88' lang='lat' dir='ltr'>quidem</span> <span class='ocrx_word' id='word_1_129' title='bbox 908 1559 975 1602; x_wconf 89' lang='lat' dir='ltr'>raro</span> <span class='ocrx_word' id='word_1_130' title='bbox 991 1558 1127 1622; x_wconf 78' lang='lat' dir='ltr'>unquam,</span> 
     </span>
     <span class='ocr_line' id='line_1_17' title="bbox 124 1621 1083 1702; baseline 0.001 -21"><span class='ocrx_word' id='word_1_131' title='bbox 124 1622 179 1681; x_wconf 87' lang='lat' dir='ltr'>nisi</span> <span class='ocrx_word' id='word_1_132' title='bbox 195 1621 272 1684; x_wconf 88' lang='lat' dir='ltr'>icrte</span> <span class='ocrx_word' id='word_1_133' title='bbox 287 1623 364 1701; x_wconf 91' lang='lat' dir='ltr'>apud</span> <span class='ocrx_word' id='word_1_134' title='bbox 378 1641 453 1700; x_wconf 87' lang='lat' dir='ltr'>eom,</span> <span class='ocrx_word' id='word_1_135' title='bbox 475 1626 583 1686; x_wconf 88' lang='lat' dir='ltr'>coires</span> <span class='ocrx_word' id='word_1_136' title='bbox 599 1626 654 1688; x_wconf 88' lang='lat' dir='ltr'>iam</span> <span class='ocrx_word' id='word_1_137' title='bbox 671 1625 786 1686; x_wconf 89' lang='lat' dir='ltr'>aliunde</span> <span class='ocrx_word' id='word_1_138' title='bbox 802 1634 871 1687; x_wconf 89' lang='lat' dir='ltr'>nota</span> <span class='ocrx_word' id='word_1_139' title='bbox 887 1628 935 1702; x_wconf 85' lang='lat' dir='ltr'>sit,</span> <span class='ocrx_word' id='word_1_140' title='bbox 952 1625 1083 1686; x_wconf 88' lang='lat' dir='ltr'>dicimus.</span> 
     </span>
     <span class='ocr_line' id='line_1_18' title="bbox 209 1703 1155 1789; baseline -0.001 -22"><span class='ocrx_word' id='word_1_141' title='bbox 209 1703 327 1769; x_wconf 72' lang='lat' dir='ltr'>Causa</span> <span class='ocrx_word' id='word_1_142' title='bbox 360 1708 495 1786; x_wconf 87' lang='lat' dir='ltr'>principii</span> <span class='ocrx_word' id='word_1_143' title='bbox 519 1709 598 1770; x_wconf 89' lang='lat' dir='ltr'>nulla</span> <span class='ocrx_word' id='word_1_144' title='bbox 621 1709 678 1771; x_wconf 89' lang='lat' dir='ltr'>alia</span> <span class='ocrx_word' id='word_1_145' title='bbox 701 1717 764 1784; x_wconf 86' lang='lat' dir='ltr'>est,</span> <span class='ocrx_word' id='word_1_146' title='bbox 796 1718 931 1789; x_wconf 78' lang='lat' dir='ltr'>quanm</span> <span class='ocrx_word' id='word_1_147' title='bbox 953 1709 1155 1785; x_wconf 84' lang='lat' dir='ltr'>auditorem,5</span> 
     </span>
    </p>
   </div>
   <div class='ocr_carea' id='block_1_5' title="bbox 3 1790 1127 1958">
    <p class='ocr_par' dir='ltr' id='par_1_5' title="bbox 3 1790 1127 1958">
     <span class='ocr_line' id='line_1_19' title="bbox 126 1790 1127 1872; baseline 0.003 -24"><span class='ocrx_word' id='word_1_148' title='bbox 126 1806 182 1868; x_wconf 85' lang='lat' dir='ltr'>quo</span> <span class='ocrx_word' id='word_1_149' title='bbox 201 1791 238 1850; x_wconf 91' lang='lat' dir='ltr'>sit</span> <span class='ocrx_word' id='word_1_150' title='bbox 251 1790 337 1851; x_wconf 78' lang='lat' dir='ltr'>uoltis</span> <span class='ocrx_word' id='word_1_151' title='bbox 357 1792 385 1851; x_wconf 91' lang='lat' dir='ltr'>in</span> <span class='ocrx_word' id='word_1_152' title='bbox 410 1794 518 1853; x_wconf 88' lang='lat' dir='ltr'>ceteris</span> <span class='ocrx_word' id='word_1_153' title='bbox 534 1792 666 1871; x_wconf 86' lang='lat' dir='ltr'>partibus</span> <span class='ocrx_word' id='word_1_154' title='bbox 686 1793 948 1869; x_wconf 85' lang='lat' dir='ltr'>accommodatior,</span> <span class='ocrx_word' id='word_1_155' title='bbox 968 1808 1127 1872; x_wconf 85' lang='lat' dir='ltr'>praepare·</span> 
     </span>
     <span class='ocr_line' id='line_1_20' title="bbox 3 1871 1127 1958; baseline 0.002 -26"><span class='ocrx_word' id='word_1_156' title='bbox 3 1927 6 1958; x_wconf 39' lang='lat'><em>⁶</em></span> <span class='ocrx_word' id='word_1_157' title='bbox 125 1889 197 1932; x_wconf 92' lang='lat' dir='ltr'>mus.</span> <span class='ocrx_word' id='word_1_158' title='bbox 237 1871 270 1934; x_wconf 95' lang='lat' dir='ltr'>ld</span> <span class='ocrx_word' id='word_1_159' title='bbox 290 1873 356 1934; x_wconf 85' lang='lat' dir='ltr'>deri</span> <span class='ocrx_word' id='word_1_160' title='bbox 370 1874 461 1935; x_wconf 88' lang='lat' dir='ltr'>tribus</span> <span class='ocrx_word' id='word_1_161' title='bbox 482 1877 605 1936; x_wconf 85' lang='lat' dir='ltr'>maxime</span> <span class='ocrx_word' id='word_1_162' title='bbox 619 1873 726 1952; x_wconf 83' lang='lat' dir='ltr'>rebus,</span> <span class='ocrx_word' id='word_1_163' title='bbox 745 1877 821 1934; x_wconf 89' lang='lat' dir='ltr'>inter</span> <span class='ocrx_word' id='word_1_164' title='bbox 835 1884 971 1937; x_wconf 84' lang='lat' dir='ltr'>auctores</span> <span class='ocrx_word' id='word_1_165' title='bbox 986 1876 1127 1955; x_wconf 89' lang='lat' dir='ltr'>plurimos</span> 
     </span>
    </p>
   </div>
   <div class='ocr_carea' id='block_1_6' title="bbox 124 1957 1189 3544">
    <p class='ocr_par' dir='ltr' id='par_1_6' title="bbox 124 1957 1128 2291">
     <span class='ocr_line' id='line_1_21' title="bbox 126 1957 1126 2036; baseline -0.001 -18"><span class='ocrx_word' id='word_1_166' title='bbox 126 1964 250 2033; x_wconf 87' lang='lat' dir='ltr'>constat,</span> <span class='ocrx_word' id='word_1_167' title='bbox 266 1957 543 2035; x_wconf 86' lang='lat' dir='ltr'>sibenivolum‚</span> <span class='ocrx_word' id='word_1_168' title='bbox 559 1966 760 2036; x_wconf 85' lang='lat' dir='ltr'>attentum,</span> <span class='ocrx_word' id='word_1_169' title='bbox 781 1957 939 2021; x_wconf 86' lang='lat' dir='ltr'>docilem</span> <span class='ocrx_word' id='word_1_170' title='bbox 954 1960 1126 2027; x_wconf 79' lang='lat' dir='ltr'>iecerimns3</span> 
     </span>
     <span class='ocr_line' id='line_1_22' title="bbox 124 2041 1128 2122; baseline 0.002 -22"><span class='ocrx_word' id='word_1_171' title='bbox 124 2057 182 2101; x_wconf 91' lang='lat' dir='ltr'>uon</span> <span class='ocrx_word' id='word_1_172' title='bbox 197 2041 263 2120; x_wconf 88' lang='lat' dir='ltr'>quia</span> <span class='ocrx_word' id='word_1_173' title='bbox 278 2041 335 2104; x_wconf 89' lang='lat' dir='ltr'>ista</span> <span class='ocrx_word' id='word_1_174' title='bbox 349 2057 407 2103; x_wconf 90' lang='lat' dir='ltr'>non</span> <span class='ocrx_word' id='word_1_175' title='bbox 421 2059 476 2122; x_wconf 92' lang='lat' dir='ltr'>per</span> <span class='ocrx_word' id='word_1_176' title='bbox 495 2051 585 2105; x_wconf 92' lang='lat' dir='ltr'>totam</span> <span class='ocrx_word' id='word_1_177' title='bbox 609 2045 753 2106; x_wconf 84' lang='lat' dir='ltr'>actionem</span> <span class='ocrx_word' id='word_1_178' title='bbox 770 2042 828 2102; x_wconf 92' lang='lat' dir='ltr'>sint</span> <span class='ocrx_word' id='word_1_179' title='bbox 847 2043 1052 2119; x_wconf 88' lang='lat' dir='ltr'>custodienda,</span> <span class='ocrx_word' id='word_1_180' title='bbox 1074 2041 1128 2102; x_wconf 92' lang='lat' dir='ltr'>sed</span> 
     </span>
     <span class='ocr_line' id='line_1_23' title="bbox 125 2125 1125 2208; baseline -0.001 -22"><span class='ocrx_word' id='word_1_181' title='bbox 125 2125 191 2204; x_wconf 89' lang='lat' dir='ltr'>qnia</span> <span class='ocrx_word' id='word_1_182' title='bbox 205 2125 293 2186; x_wconf 87' lang='lat' dir='ltr'>initiis</span> <span class='ocrx_word' id='word_1_183' title='bbox 311 2127 472 2206; x_wconf 88' lang='lat' dir='ltr'>praecipue</span> <span class='ocrx_word' id='word_1_184' title='bbox 485 2129 663 2204; x_wconf 83' lang='lat' dir='ltr'>necessaria,</span> <span class='ocrx_word' id='word_1_185' title='bbox 680 2144 735 2207; x_wconf 87' lang='lat' dir='ltr'>par</span> <span class='ocrx_word' id='word_1_186' title='bbox 745 2143 821 2208; x_wconf 79' lang='lat' dir='ltr'>quae</span> <span class='ocrx_word' id='word_1_187' title='bbox 836 2128 997 2189; x_wconf 85' lang='lat' dir='ltr'>inanimum</span> <span class='ocrx_word' id='word_1_188' title='bbox 1011 2126 1125 2203; x_wconf 85' lang='lat' dir='ltr'>iudicis,</span> 
     </span>
     <span class='ocr_line' id='line_1_24' title="bbox 125 2209 802 2291; baseline 0.001 -22"><span class='ocrx_word' id='word_1_189' title='bbox 125 2217 155 2269; x_wconf 91' lang='lat' dir='ltr'>ut</span> <span class='ocrx_word' id='word_1_190' title='bbox 169 2209 334 2287; x_wconf 85' lang='lat' dir='ltr'>procedere</span> <span class='ocrx_word' id='word_1_191' title='bbox 351 2209 425 2270; x_wconf 91' lang='lat' dir='ltr'>ultra</span> <span class='ocrx_word' id='word_1_192' title='bbox 441 2213 602 2291; x_wconf 87' lang='lat' dir='ltr'>possimus,</span> <span class='ocrx_word' id='word_1_193' title='bbox 621 2211 802 2273; x_wconf 88' lang='lat' dir='ltr'>admittimur.</span> 
     </span>
    </p>

    <p class='ocr_par' dir='ltr' id='par_1_7' title="bbox 126 2291 1189 3544">
     <span class='ocr_line' id='line_1_25' title="bbox 208 2291 1156 2374; baseline -0.001 -22"><span class='ocrx_word' id='word_1_194' title='bbox 208 2291 507 2357; x_wconf 84' lang='lat' dir='ltr'>Benivolentiam</span> <span class='ocrx_word' id='word_1_195' title='bbox 528 2305 576 2357; x_wconf 92' lang='lat' dir='ltr'>aut</span> <span class='ocrx_word' id='word_1_196' title='bbox 597 2313 614 2357; x_wconf 91' lang='lat' dir='ltr'>a</span> <span class='ocrx_word' id='word_1_197' title='bbox 635 2297 771 2374; x_wconf 88' lang='lat' dir='ltr'>personis</span> <span class='ocrx_word' id='word_1_198' title='bbox 786 2295 916 2356; x_wconf 90' lang='lat' dir='ltr'>ducimus</span> <span class='ocrx_word' id='word_1_199' title='bbox 931 2303 1012 2356; x_wconf 86' lang='lat' dir='ltr'>auta</span> <span class='ocrx_word' id='word_1_200' title='bbox 1031 2292 1156 2362; x_wconf 72' lang='lat' dir='ltr'>causito</span> 
     </span>
     <span class='ocr_line' id='line_1_26' title="bbox 126 2375 1127 2456; baseline -0.003 -19"><span class='ocrx_word' id='word_1_201' title='bbox 126 2376 294 2454; x_wconf 85' lang='lat' dir='ltr'>accipimus.</span> <span class='ocrx_word' id='word_1_202' title='bbox 331 2376 390 2437; x_wconf 87' lang='lat' dir='ltr'>Sed</span> <span class='ocrx_word' id='word_1_203' title='bbox 404 2395 648 2456; x_wconf 88' lang='lat' dir='ltr'>personarum</span> <span class='ocrx_word' id='word_1_204' title='bbox 669 2386 803 2455; x_wconf 89' lang='lat' dir='ltr'>nonest,</span> <span class='ocrx_word' id='word_1_205' title='bbox 824 2387 855 2438; x_wconf 87' lang='lat' dir='ltr'>ut</span> <span class='ocrx_word' id='word_1_206' title='bbox 876 2377 1012 2456; x_wconf 87' lang='lat' dir='ltr'>plerique</span> <span class='ocrx_word' id='word_1_207' title='bbox 1033 2375 1127 2436; x_wconf 90' lang='lat' dir='ltr'>oredi-</span> 
     </span>
     <span class='ocr_line' id='line_1_27' title="bbox 127 2459 1125 2540; baseline -0.004 -21"><span class='ocrx_word' id='word_1_208' title='bbox 127 2460 245 2535; x_wconf 87' lang='lat' dir='ltr'>derunt‚</span> <span class='ocrx_word' id='word_1_209' title='bbox 268 2459 378 2538; x_wconf 86' lang='lat' dir='ltr'>triplex</span> <span class='ocrx_word' id='word_1_210' title='bbox 389 2463 479 2537; x_wconf 85' lang='lat' dir='ltr'>ratio,</span> <span class='ocrx_word' id='word_1_211' title='bbox 503 2479 541 2520; x_wconf 90' lang='lat' dir='ltr'>ex</span> <span class='ocrx_word' id='word_1_212' title='bbox 562 2461 710 2540; x_wconf 73' lang='lat' dir='ltr'>litigatore</span> <span class='ocrx_word' id='word_1_213' title='bbox 731 2470 763 2522; x_wconf 90' lang='lat' dir='ltr'>et</span> <span class='ocrx_word' id='word_1_214' title='bbox 779 2462 948 2522; x_wconf 85' lang='lat' dir='ltr'>adversario</span> <span class='ocrx_word' id='word_1_215' title='bbox 976 2468 1006 2519; x_wconf 92' lang='lat' dir='ltr'>et</span> <span class='ocrx_word' id='word_1_216' title='bbox 1019 2459 1125 2519; x_wconf 90' lang='lat' dir='ltr'>iudice.</span> 
     </span>
     <span class='ocr_line' id='line_1_28' title="bbox 127 2540 1155 2623; baseline -0.003 -21"><span class='ocrx_word' id='word_1_217' title='bbox 127 2540 198 2602; x_wconf 88' lang='lat' dir='ltr'>Nam</span> <span class='ocrx_word' id='word_1_218' title='bbox 215 2542 366 2605; x_wconf 83' lang='lat' dir='ltr'>exordium</span> <span class='ocrx_word' id='word_1_219' title='bbox 383 2543 448 2604; x_wconf 93' lang='lat' dir='ltr'>duci</span> <span class='ocrx_word' id='word_1_220' title='bbox 463 2560 665 2623; x_wconf 83' lang='lat' dir='ltr'>nonnunquam</span> <span class='ocrx_word' id='word_1_221' title='bbox 683 2544 769 2605; x_wconf 90' lang='lat' dir='ltr'>etiam</span> <span class='ocrx_word' id='word_1_222' title='bbox 786 2542 822 2604; x_wconf 82' lang='lat' dir='ltr'>alo</span> <span class='ocrx_word' id='word_1_223' title='bbox 846 2551 975 2604; x_wconf 88' lang='lat' dir='ltr'>actore</span> <span class='ocrx_word' id='word_1_224' title='bbox 991 2555 1155 2611; x_wconf 72' lang='lat' dir='ltr'>causaet</span> 
     </span>
     <span class='ocr_line' id='line_1_29' title="bbox 127 2623 1127 2705; baseline -0.002 -21"><span class='ocrx_word' id='word_1_225' title='bbox 127 2625 214 2686; x_wconf 87' lang='lat' dir='ltr'>solet.</span> <span class='ocrx_word' id='word_1_226' title='bbox 251 2625 421 2705; x_wconf 78' lang='lat' dir='ltr'>Quanquam</span> <span class='ocrx_word' id='word_1_227' title='bbox 439 2628 513 2687; x_wconf 89' lang='lat' dir='ltr'>euim</span> <span class='ocrx_word' id='word_1_228' title='bbox 525 2628 665 2705; x_wconf 87' lang='lat' dir='ltr'>pauciora</span> <span class='ocrx_word' id='word_1_229' title='bbox 681 2628 718 2689; x_wconf 91' lang='lat' dir='ltr'>de</span> <span class='ocrx_word' id='word_1_230' title='bbox 735 2645 768 2687; x_wconf 86' lang='lat' dir='ltr'>se</span> <span class='ocrx_word' id='word_1_231' title='bbox 784 2629 850 2704; x_wconf 88' lang='lat' dir='ltr'>ipso</span> <span class='ocrx_word' id='word_1_232' title='bbox 864 2624 936 2686; x_wconf 87' lang='lat' dir='ltr'>dicit</span> <span class='ocrx_word' id='word_1_233' title='bbox 950 2633 979 2685; x_wconf 93' lang='lat' dir='ltr'>et</span> <span class='ocrx_word' id='word_1_234' title='bbox 993 2623 1127 2702; x_wconf 77' lang='lat' dir='ltr'>parcinsr</span> 
     </span>
     <span class='ocr_line' id='line_1_30' title="bbox 127 2705 1128 2789; baseline -0.004 -19"><span class='ocrx_word' id='word_1_235' title='bbox 127 2709 279 2788; x_wconf 90' lang='lat' dir='ltr'>plurimum</span> <span class='ocrx_word' id='word_1_236' title='bbox 301 2718 397 2771; x_wconf 89' lang='lat' dir='ltr'>tamen</span> <span class='ocrx_word' id='word_1_237' title='bbox 421 2709 457 2770; x_wconf 92' lang='lat' dir='ltr'>ad</span> <span class='ocrx_word' id='word_1_238' title='bbox 476 2712 571 2772; x_wconf 89' lang='lat' dir='ltr'>omnia</span> <span class='ocrx_word' id='word_1_239' title='bbox 590 2711 727 2771; x_wconf 89' lang='lat' dir='ltr'>momenti</span> <span class='ocrx_word' id='word_1_240' title='bbox 749 2719 795 2771; x_wconf 92' lang='lat' dir='ltr'>est</span> <span class='ocrx_word' id='word_1_241' title='bbox 814 2710 844 2769; x_wconf 93' lang='lat' dir='ltr'>iu</span> <span class='ocrx_word' id='word_1_242' title='bbox 866 2706 1080 2789; x_wconf 70' lang='lat' dir='ltr'>impositum,</span> <span class='ocrx_word' id='word_1_243' title='bbox 1102 2705 1128 2767; x_wconf 87' lang='lat' dir='ltr'>si</span> 
     </span>
     <span class='ocr_line' id='line_1_31' title="bbox 127 2791 1127 2871; baseline 0 -18"><span class='ocrx_word' id='word_1_244' title='bbox 127 2793 277 2854; x_wconf 85' lang='lat' dir='ltr'>virbonus</span> <span class='ocrx_word' id='word_1_245' title='bbox 293 2794 430 2855; x_wconf 90' lang='lat' dir='ltr'>creditur.</span> <span class='ocrx_word' id='word_1_246' title='bbox 467 2795 519 2855; x_wconf 89' lang='lat' dir='ltr'>Sic</span> <span class='ocrx_word' id='word_1_247' title='bbox 533 2794 608 2855; x_wconf 87' lang='lat' dir='ltr'>enim</span> <span class='ocrx_word' id='word_1_248' title='bbox 624 2795 780 2871; x_wconf 56' lang='lat' dir='ltr'>contium,</span> <span class='ocrx_word' id='word_1_249' title='bbox 803 2802 835 2854; x_wconf 95' lang='lat' dir='ltr'>ut</span> <span class='ocrx_word' id='word_1_250' title='bbox 856 2807 914 2853; x_wconf 91' lang='lat' dir='ltr'>noo</span> <span class='ocrx_word' id='word_1_251' title='bbox 934 2791 1056 2853; x_wconf 91' lang='lat' dir='ltr'>studium</span> <span class='ocrx_word' id='word_1_252' title='bbox 1077 2791 1127 2853; x_wconf 88' lang='lat' dir='ltr'>ad·</span> 
     </span>
     <span class='ocr_line' id='line_1_32' title="bbox 126 2875 1128 2958; baseline -0.002 -22"><span class='ocrx_word' id='word_1_253' title='bbox 126 2879 222 2938; x_wconf 86' lang='lat' dir='ltr'>vocati</span> <span class='ocrx_word' id='word_1_254' title='bbox 243 2877 376 2939; x_wconf 86' lang='lat' dir='ltr'>videatur</span> <span class='ocrx_word' id='word_1_255' title='bbox 397 2878 504 2940; x_wconf 76' lang='lat' dir='ltr'>afferre</span> <span class='ocrx_word' id='word_1_256' title='bbox 525 2877 578 2940; x_wconf 88' lang='lat' dir='ltr'>sed</span> <span class='ocrx_word' id='word_1_257' title='bbox 606 2895 701 2958; x_wconf 89' lang='lat' dir='ltr'>paene</span> <span class='ocrx_word' id='word_1_258' title='bbox 730 2879 813 2938; x_wconf 83' lang='lat' dir='ltr'>teatin</span> <span class='ocrx_word' id='word_1_259' title='bbox 839 2876 933 2937; x_wconf 84' lang='lat' dir='ltr'>fldem.</span> <span class='ocrx_word' id='word_1_260' title='bbox 975 2875 1073 2949; x_wconf 79' lang='lat' dir='ltr'>Quare</span> <span class='ocrx_word' id='word_1_261' title='bbox 1099 2876 1128 2935; x_wconf 91' lang='lat' dir='ltr'>in</span> 
     </span>
     <span class='ocr_line' id='line_1_33' title="bbox 127 2957 1128 3040; baseline -0.002 -19"><span class='ocrx_word' id='word_1_262' title='bbox 127 2962 224 3039; x_wconf 87' lang='lat' dir='ltr'>primis</span> <span class='ocrx_word' id='word_1_263' title='bbox 246 2963 427 3023; x_wconf 86' lang='lat' dir='ltr'>existimetur</span> <span class='ocrx_word' id='word_1_264' title='bbox 453 2961 572 3023; x_wconf 86' lang='lat' dir='ltr'>venisse</span> <span class='ocrx_word' id='word_1_265' title='bbox 601 2962 637 3024; x_wconf 95' lang='lat' dir='ltr'>ad</span> <span class='ocrx_word' id='word_1_266' title='bbox 660 2962 802 3040; x_wconf 86' lang='lat' dir='ltr'>agendum</span> <span class='ocrx_word' id='word_1_267' title='bbox 824 2961 927 3022; x_wconf 90' lang='lat' dir='ltr'>ductus</span> <span class='ocrx_word' id='word_1_268' title='bbox 953 2960 1053 3020; x_wconf 88' lang='lat' dir='ltr'>cilicio</span> <span class='ocrx_word' id='word_1_269' title='bbox 1078 2957 1128 3020; x_wconf 86' lang='lat' dir='ltr'>vel</span> 
     </span>
     <span class='ocr_line' id='line_1_34' title="bbox 128 3044 1126 3125; baseline -0.001 -22"><span class='ocrx_word' id='word_1_270' title='bbox 128 3046 309 3121; x_wconf 76' lang='lat' dir='ltr'>cognationis</span> <span class='ocrx_word' id='word_1_271' title='bbox 323 3046 372 3106; x_wconf 88' lang='lat' dir='ltr'>vel</span> <span class='ocrx_word' id='word_1_272' title='bbox 389 3046 532 3107; x_wconf 88' lang='lat' dir='ltr'>amicitiae</span> <span class='ocrx_word' id='word_1_273' title='bbox 547 3047 746 3125; x_wconf 82' lang='lat' dir='ltr'>maximeque,</span> <span class='ocrx_word' id='word_1_274' title='bbox 762 3047 788 3106; x_wconf 90' lang='lat' dir='ltr'>si</span> <span class='ocrx_word' id='word_1_275' title='bbox 803 3044 866 3106; x_wconf 86' lang='lat' dir='ltr'>fleri</span> <span class='ocrx_word' id='word_1_276' title='bbox 881 3046 1007 3123; x_wconf 85' lang='lat' dir='ltr'>poterit,</span> <span class='ocrx_word' id='word_1_277' title='bbox 1028 3044 1126 3120; x_wconf 89' lang='lat' dir='ltr'>reipu-</span> 
     </span>
     <span class='ocr_line' id='line_1_35' title="bbox 128 3126 1126 3208; baseline -0.003 -21"><span class='ocrx_word' id='word_1_278' title='bbox 128 3127 222 3188; x_wconf 86' lang='lat' dir='ltr'>blicae</span> <span class='ocrx_word' id='word_1_279' title='bbox 238 3137 285 3188; x_wconf 92' lang='lat' dir='ltr'>aut</span> <span class='ocrx_word' id='word_1_280' title='bbox 300 3128 421 3189; x_wconf 88' lang='lat' dir='ltr'>alicuius</span> <span class='ocrx_word' id='word_1_281' title='bbox 438 3139 519 3192; x_wconf 89' lang='lat' dir='ltr'>certe</span> <span class='ocrx_word' id='word_1_282' title='bbox 535 3147 592 3190; x_wconf 87' lang='lat' dir='ltr'>nou</span> <span class='ocrx_word' id='word_1_283' title='bbox 607 3130 763 3190; x_wconf 90' lang='lat' dir='ltr'>mediocris</span> <span class='ocrx_word' id='word_1_284' title='bbox 780 3128 917 3208; x_wconf 90' lang='lat' dir='ltr'>exempli.</span> <span class='ocrx_word' id='word_1_285' title='bbox 957 3126 1043 3200; x_wconf 78' lang='lat' dir='ltr'>Quod</span> <span class='ocrx_word' id='word_1_286' title='bbox 1064 3127 1126 3184; x_wconf 89' lang='lat' dir='ltr'>sine</span> 
     </span>
     <span class='ocr_line' id='line_1_36' title="bbox 127 3208 1126 3292; baseline -0.004 -20"><span class='ocrx_word' id='word_1_287' title='bbox 127 3210 214 3272; x_wconf 89' lang='lat' dir='ltr'>dnbio</span> <span class='ocrx_word' id='word_1_288' title='bbox 234 3210 323 3272; x_wconf 89' lang='lat' dir='ltr'>multo</span> <span class='ocrx_word' id='word_1_289' title='bbox 345 3213 437 3290; x_wconf 89' lang='lat' dir='ltr'>magis</span> <span class='ocrx_word' id='word_1_290' title='bbox 455 3215 528 3292; x_wconf 89' lang='lat' dir='ltr'>ipsis</span> <span class='ocrx_word' id='word_1_291' title='bbox 548 3213 741 3291; x_wconf 72' lang='lat' dir='ltr'>litigatoribus</span> <span class='ocrx_word' id='word_1_292' title='bbox 764 3211 927 3274; x_wconf 89' lang='lat' dir='ltr'>iaciendum</span> <span class='ocrx_word' id='word_1_293' title='bbox 949 3218 1010 3287; x_wconf 88' lang='lat' dir='ltr'>est,</span> <span class='ocrx_word' id='word_1_294' title='bbox 1037 3217 1070 3269; x_wconf 95' lang='lat' dir='ltr'>ut</span> <span class='ocrx_word' id='word_1_295' title='bbox 1090 3208 1126 3268; x_wconf 95' lang='lat' dir='ltr'>ad</span> 
     </span>
     <span class='ocr_line' id='line_1_37' title="bbox 127 3293 1126 3375; baseline -0.005 -19"><span class='ocrx_word' id='word_1_296' title='bbox 127 3295 269 3374; x_wconf 87' lang='lat' dir='ltr'>agendum</span> <span class='ocrx_word' id='word_1_297' title='bbox 289 3312 392 3373; x_wconf 77' lang='lat' dir='ltr'>magna</span> <span class='ocrx_word' id='word_1_298' title='bbox 414 3305 502 3375; x_wconf 81' lang='lat' dir='ltr'>atquc</span> <span class='ocrx_word' id='word_1_299' title='bbox 516 3297 639 3358; x_wconf 89' lang='lat' dir='ltr'>honesta</span> <span class='ocrx_word' id='word_1_300' title='bbox 654 3298 766 3358; x_wconf 89' lang='lat' dir='ltr'>ratione</span> <span class='ocrx_word' id='word_1_301' title='bbox 781 3306 830 3357; x_wconf 92' lang='lat' dir='ltr'>aut</span> <span class='ocrx_word' id='word_1_302' title='bbox 845 3296 931 3356; x_wconf 89' lang='lat' dir='ltr'>etiam</span> <span class='ocrx_word' id='word_1_303' title='bbox 947 3293 1126 3353; x_wconf 89' lang='lat' dir='ltr'>necessitate</span> 
     </span>
     <span class='ocr_line' id='line_1_38' title="bbox 127 3377 1189 3460; baseline -0.001 -21"><span class='ocrx_word' id='word_1_304' title='bbox 127 3381 293 3441; x_wconf 85' lang='lat' dir='ltr'>accessisse</span> <span class='ocrx_word' id='word_1_305' title='bbox 306 3378 466 3441; x_wconf 74' lang='lat' dir='ltr'>videantur.</span> <span class='ocrx_word' id='word_1_306' title='bbox 504 3381 564 3441; x_wconf 89' lang='lat' dir='ltr'>Sed</span> <span class='ocrx_word' id='word_1_307' title='bbox 584 3390 615 3442; x_wconf 92' lang='lat' dir='ltr'>ut</span> <span class='ocrx_word' id='word_1_308' title='bbox 635 3382 793 3460; x_wconf 89' lang='lat' dir='ltr'>praecipua</span> <span class='ocrx_word' id='word_1_309' title='bbox 815 3380 843 3440; x_wconf 88' lang='lat' dir='ltr'>in</span> <span class='ocrx_word' id='word_1_310' title='bbox 863 3378 921 3439; x_wconf 90' lang='lat' dir='ltr'>hoc</span> <span class='ocrx_word' id='word_1_311' title='bbox 939 3377 1062 3438; x_wconf 86' lang='lat' dir='ltr'>dicentis</span> <span class='ocrx_word' id='word_1_312' title='bbox 1078 3382 1155 3438; x_wconf 81' lang='lat' dir='ltr'>an-it</span> <span class='ocrx_word' id='word_1_313' title='bbox 1186 3408 1189 3416; x_wconf 91' lang='lat'>·</span> 
     </span>
     <span class='ocr_line' id='line_1_39' title="bbox 127 3460 1127 3544; baseline 0.002 -21"><span class='ocrx_word' id='word_1_314' title='bbox 127 3465 262 3541; x_wconf 86' lang='lat' dir='ltr'>ctoritas,</span> <span class='ocrx_word' id='word_1_315' title='bbox 284 3465 309 3524; x_wconf 92' lang='lat' dir='ltr'>si</span> <span class='ocrx_word' id='word_1_316' title='bbox 330 3464 421 3524; x_wconf 91' lang='lat' dir='ltr'>omnis</span> <span class='ocrx_word' id='word_1_317' title='bbox 442 3463 471 3524; x_wconf 88' lang='lat' dir='ltr'>in</span> <span class='ocrx_word' id='word_1_318' title='bbox 480 3463 636 3525; x_wconf 84' lang='lat' dir='ltr'>subeundo</span> <span class='ocrx_word' id='word_1_319' title='bbox 649 3465 769 3543; x_wconf 88' lang='lat' dir='ltr'>negotio</span> <span class='ocrx_word' id='word_1_320' title='bbox 789 3463 919 3544; x_wconf 88' lang='lat' dir='ltr'>suspicio</span> <span class='ocrx_word' id='word_1_321' title='bbox 937 3460 1064 3522; x_wconf 91' lang='lat' dir='ltr'>sordium</span> <span class='ocrx_word' id='word_1_322' title='bbox 1078 3468 1127 3525; x_wconf 88' lang='lat' dir='ltr'>aut</span> 
     </span>
    </p>
   </div>
   <div class='ocr_carea' id='block_1_7' title="bbox 0 0 1308 3948">
    <p class='ocr_par' dir='ltr' id='par_1_8' title="bbox 0 0 1308 3948">
     <span class='ocr_line' id='line_1_40' title="bbox 0 0 1308 3948; baseline 0 0"><span class='ocrx_word' id='word_1_323' title='bbox 0 0 1308 3948; x_wconf 95' lang='lat' dir='ltr'> </span> 
     </span>
    </p>
   </div>
  </div>
 </body>
</html>
