2570 3946
285 487 328 570 rr.
348 485 515 571 riorus
543 485 872 579 ourrrrnrruus

147 675 195 790 Τ
263 673 317 788 tt
388 673 436 790 Y
504 672 549 787 P
617 673 675 787 Η
745 669 790 788 0
859 674 916 790 Ν
974 675 1016 790 -1

442 1017 722 1084 SALUTEM.

162 1360 340 1471 Effingitnsti
372 1393 516 1454 cotidiano
548 1395 701 1471 convicio,
738 1402 769 1454 ut
798 1392 906 1471 libros,
946 1411 1019 1474 quos
1048 1395 1084 1457 uu

75 1490 248 1552 Marcellum
273 1508 367 1550 meum
393 1491 429 1551 de
451 1491 634 1552 Institutione
659 1493 787 1553 oratorie
811 1493 1002 1572 scripseram,
1028 1493 1084 1553 iem

76 1589 213 1648 emittere
234 1587 403 1666 inciperem.
448 1585 521 1648 Nem
540 1588 605 1666 ipsc
626 1604 680 1648 eos
701 1590 827 1649 noudum
848 1586 989 1668 opinabar
1012 1591 1082 1650 setis

75 1686 265 1762 maturuisse,
288 1684 391 1765 quihus
407 1686 632 1764 componendis,
654 1694 686 1746 ut
707 1688 782 1763 scis,
803 1686 891 1766 paulo
912 1686 977 1767 plus
998 1705 1082 1766 quem

75 1785 223 1844 biennium
242 1793 286 1845 tot
305 1786 414 1864 alioqui
433 1787 559 1863 negotiis
580 1787 727 1848 districtus
748 1788 890 1866 impendi;
914 1788 991 1866 quod
1009 1796 1079 1848 tern-

77 1897 133 1958 pus
156 1888 291 1942 nontam
315 1881 384 1940 stilo
410 1897 495 1958 quum
518 1883 698 1959 inquisitioni
722 1884 843 1943 instituti
868 1884 966 1961 operis
988 1899 1082 1962 prope

77 1977 179 2038 infiniti
201 1986 230 2038 et
252 1977 385 2055 legendis
407 1977 594 2057 auctoribus,
618 1981 666 2058 qui
686 1987 752 2040 sunt
770 1977 1010 2055 innumerabiles,
1033 1980 1081 2040 dn·

76 2083 135 2135 tmn
155 2084 209 2138 est.
243 2073 323 2136 Usus
341 2073 445 2137 deiude
464 2075 574 2139 Horatii
596 2077 736 2156 consilio,
761 2078 809 2158 qui
829 2078 859 2138 in
880 2086 942 2138 erte
963 2079 1107 2164 poetice!

77 2175 194 2252 enodet,
235 2193 271 2236 ne
300 2177 509 2256 praecipitetur
540 2178 629 2240 editio
660 2193 831 2260 nonumque
859 2186 1020 2256 prematur
1048 2180 1081 2242 io

77 2292 205 2353 nouum,
228 2271 329 2335 dabam
347 2275 383 2334 iis
400 2275 506 2352 otium,
523 2284 570 2353 ut,
589 2277 765 2355 refrigerato
781 2278 953 2338 inventionis
970 2294 1079 2354 umore,

78 2369 244 2448 diligentins
268 2373 412 2450 repetitos
435 2380 570 2452 tunquam
590 2373 686 2435 lector
706 2376 928 2456 perpenderem.
974 2374 1035 2436 Sed
1056 2377 1108 2440 si3

78 2474 230 2545 tantopere
253 2467 449 2547 efflagitentur
469 2487 555 2549 quem
578 2479 609 2531 tu
629 2472 774 2551 affirmes,
796 2475 994 2553 permittemus
1012 2473 1079 2534 vols

81 2563 170 2623 uentis
193 2570 223 2621 et
244 2578 323 2624 orem
338 2565 520 2626 solventibus
537 2568 614 2638 bene
638 2587 801 2648 precemur.
846 2569 965 2630 Multum
985 2578 1079 2628 cutem

78 2662 106 2720 in
126 2668 173 2720 tue
195 2676 312 2738 quoque
333 2661 390 2722 iidc
413 2679 448 2722 eo
469 2663 619 2741 diligentie
639 2667 765 2744 positum
786 2674 847 2743 est,
878 2674 909 2726 ut
930 2669 959 2726 in
978 2682 1076 2728 mouns

79 2757 218 2820 hominum
241 2775 326 2837 quem
346 2759 570 2821 emendatissimi
593 2763 719 2823 venient.
