2592 3940
337 213 427 263 msu.
440 211 590 264 onuuon.
604 215 674 264 uua.
686 215 719 283 v,
732 212 758 267 a.
772 214 814 267 ιο.
1013 203 1074 268 203

78 382 109 435 et
125 369 259 432 veneficii
275 375 305 429 et
319 368 489 448 cruditatis)
513 377 542 428 et
562 369 666 430 vulnus
688 371 718 429 iu
739 379 863 450 pectore
878 389 930 433 sua
944 391 1028 434 mauu
1046 383 1077 434 et

76 456 173 518 aliena
192 454 307 534 perisse
329 451 508 527 dicentibus,
534 455 562 512 in
586 469 644 531 quo
661 462 715 513 est.
761 453 843 516 llaec
857 456 979 536 proinde
997 458 1077 520 irma

78 539 218 602 hahentur
232 548 320 615 atque
340 537 522 596 extrinsecus
538 537 714 598 adiuvantur.
782 559 784 562 ¹

161 621 270 686 Eorum
286 628 397 695 autem,
417 637 492 699 quae
507 621 590 698 signa
605 630 669 681 sunt
687 620 802 700 quidem
817 622 942 684 sednon
957 626 1014 684 sint
1027 643 1077 685 ue·
1086 640 1120 694 12

78 708 223 785 cessaria,
246 721 340 781 genus
361 702 557 780 Hermagoras
578 713 673 782 putat,
702 721 770 764 nou
791 723 877 766 esse
898 709 1078 786 virginem

77 791 304 863 Atalantam,
326 787 409 864 quia
430 804 506 846 cum
526 786 720 849 iuvenibus
745 807 810 866 par
830 791 949 868 silvas
964 810 1076 870 vage·

77 885 145 936 tur.
177 871 262 947 Quod
276 872 301 932 si
316 872 531 950 receperimus,
546 887 669 948 vereor,
685 889 722 932 ne
742 875 836 934 omnia
853 892 928 953 quae
944 894 982 936 ex
998 875 1078 937 iacto

77 960 236 1032 ducuntur,
258 956 341 1032 sigua
362 954 511 1015 iaciamus.
550 955 660 1016 liudem
681 964 777 1017 tamen
798 959 980 1038 rationeque
995 961 1078 1038 sigua
1184 1007 1190 1018 .

78 1049 245 1103 tractantur.
272 1038 336 1099 Nec
347 1038 415 1098 mihi
426 1038 560 1099 videntur
571 1039 782 1118 Areopagitae,
800 1059 865 1102 cum
881 1043 1079 1105 damnaverint
1087 1057 1122 1111 13

76 1143 197 1206 puerum
215 1122 393 1183 coturnicum
408 1123 512 1183 oculos
527 1132 694 1198 eruentem,
715 1123 792 1183 aliud
810 1125 971 1202 iudicasse,
994 1145 1079 1206 quam

76 1209 106 1271 id
127 1210 239 1286 signum
259 1224 327 1267 esse
349 1206 615 1286 perniciosissimae
634 1209 737 1266 mentis
757 1206 912 1286 multisque
932 1211 1010 1270 malo
1035 1211 1078 1270 iu-

76 1303 175 1369 turae,
200 1293 224 1351 si
245 1289 433 1352 adolevisset.
473 1288 556 1350 Unde
580 1291 677 1369 Spurii
699 1288 796 1351 Maelii
814 1290 964 1371 Marcique
980 1292 1078 1354 llanlii
1159 1287 1161 1291 ’

76 1376 257 1456 popularitas
279 1375 391 1450 signum
412 1372 539 1434 allectati
556 1375 639 1451 regni
655 1382 702 1434 est
720 1376 920 1436 existimatum.
952 1377 1124 1454 sadra-14

77 1477 162 1535 reor,
185 1475 221 1517 ne
243 1455 332 1534 louge
354 1457 468 1516 nimium
488 1473 541 1516 uos
559 1458 646 1518 ducat
660 1457 734 1518 haec
748 1461 805 1520 via.
848 1459 921 1520 Nam
938 1463 962 1520 si
981 1469 1026 1521 est
1041 1462 1078 1520 si·

76 1558 165 1621 guum
181 1540 331 1602 adulterae
348 1538 439 1600 lavari
454 1557 519 1599 oum
535 1541 622 1602 viris:
641 1543 697 1602 erit
714 1551 743 1602 et
759 1545 916 1604 convivere
932 1563 996 1606 curu
1009 1545 1079 1606 ado-

78 1624 273 1701 lescentibus,
294 1624 399 1684 deinde
425 1625 510 1685 etiam
532 1624 708 1687 familiariter
728 1626 850 1689 alicuius
872 1629 996 1688 amicitia
1022 1630 1078 1697 uti;

76 1721 125 1774 aut
141 1712 267 1773 iortasse
284 1725 391 1787 corpus
413 1708 542 1786 vulsum,
565 1709 686 1770 inactum
707 1711 867 1788 incessum,
888 1720 1002 1771 vestem
1018 1729 1079 1770 mu-

77 1796 200 1858 liebrem
222 1794 330 1854 dixerit
349 1792 445 1853 mollis
469 1801 498 1852 et
523 1810 623 1870 parurn
647 1795 702 1854 viri
717 1796 816 1872 signa,
839 1797 864 1854 si
881 1796 927 1854 cui
945 1793 1025 1872 (cum
1041 1796 1079 1854 si-

76 1878 203 1959 gnumid
214 1879 334 1957 proprie
346 1876 393 1953 sit,
411 1876 487 1955 quod
504 1894 541 1936 ex
557 1893 605 1952 eo,
618 1877 654 1938 de
670 1894 728 1955 quo
740 1879 899 1955 quaeritur,
919 1887 1015 1938 natum
1026 1877 1080 1938 sub

77 1963 182 2025 oculos
209 1961 309 2040 veuit)
334 1969 364 2020 ut
388 1961 507 2038 sanguis
528 1978 545 2019 a
568 1961 677 2037 caede,
707 1962 746 2020 ita
768 1961 819 2023 illa
842 1979 881 2022 ex
904 1962 1080 2040 impudicitia

77 2048 169 2109 liuere
192 2046 352 2107 videantur.
400 2043 443 2104 Ea
461 2061 577 2122 quoqne
595 2059 685 2123 quae,
703 2047 769 2124 quia
788 2045 960 2125 plerumque
979 2046 1124 2114 obser-15

76 2140 143 2193 vata
160 2140 242 2207 sunt,
263 2129 353 2206 vulgo
377 2130 459 2206 sigua
479 2128 650 2205 creduntur,
673 2138 703 2190 ut
724 2132 931 2208 prognostica.
961 2129 1080 2190 Vento
1142 2159 1148 2168 ·

76 2215 183 2276 rubet
204 2231 316 2275 aurea
337 2212 487 2273 Phoelre
511 2221 540 2271 et
558 2210 997 2294 Cornixpleuapluvuam
1015 2230 1080 2273 vo·

77 2308 137 2360 cat
161 2295 326 2375 improba
346 2313 457 2371 voce,
480 2297 505 2354 si
528 2313 631 2356 causas
653 2298 845 2375 esqualitate
862 2297 1078 2372 coelitralmnt‚

75 2399 149 2443 sane
162 2382 201 2441 ita
213 2379 408 2458 appellentur.
438 2377 511 2437 Nam
526 2381 551 2438 si
566 2387 654 2439 vento
669 2379 756 2440 rubet
771 2381 854 2440 luna:
873 2383 986 2459 siguum
1001 2380 1080 2438 venti
1089 2391 1124 2448 16

78 2475 126 2526 est
141 2462 240 2525 rubor.
274 2460 366 2537 Etsi,
390 2471 421 2521 ut
447 2461 522 2522 idem
544 2471 633 2540 poeta
656 2461 780 2540 colligit,
802 2465 938 2523 densatus
959 2473 987 2523 et
1002 2463 1081 2522 laxa·

78 2559 124 2610 tus
140 2563 191 2608 aer
208 2546 289 2621 iacit,
307 2555 339 2604 ut
352 2547 390 2604 sit
404 2543 470 2604 iude
490 2544 541 2603 ille
562 2545 657 2604 avium
680 2555 857 2606 concentus:
881 2544 956 2606 idem
974 2546 1081 2605 sentie-

78 2649 152 2692 mus.
192 2630 264 2691 Sunt
281 2637 376 2688 autem
392 2629 475 2706 sigua
492 2629 576 2687 etiam
591 2643 681 2706 parva
696 2644 880 2706 magnorum,
900 2637 930 2688 ut
945 2629 994 2688 vel
1009 2627 1083 2688 haec

78 2717 142 2795 ipsa
159 2714 276 2782 cornix;
295 2729 359 2772 uam
376 2712 485 2775 maiora
500 2712 640 2770 minorum
657 2728 739 2788 esse,
757 2727 842 2771 nemo
856 2713 983 2772 miratur.

438 2864 482 2916 nit
506 2862 727 2914 ARGUMENTlS.

162 2961 199 3024 X.
230 2962 314 3025 Naue
330 2961 367 3024 de
384 2959 621 3039 argumentis.
654 2958 718 3020 Hoc
736 2960 811 3019 enirn
823 2961 938 3020 nomine
954 2960 1084 3060 comple·

79 3049 181 3108 ctimur
196 3047 307 3121 omnia,
330 3061 405 3124 quae
418 3043 522 3106 Graeci
543 3037 753 3124 ἐνθυμήματα,
770 3037 991 3124 ἐπιχειρήματα,
1009 3062 1082 3102 amu·

79 3129 180 3203 δείξεις
197 3138 315 3204 vocant,
338 3122 499 3207 menonem
520 3126 597 3207 apud
615 3125 684 3187 illos
700 3136 745 3187 est
762 3127 858 3206 aliqua
877 3126 979 3187 horum
993 3127 1085 3186 nomi·

78 3231 145 3274 num
156 3211 329 3289 differentia,
346 3213 457 3272 etiamsi
472 3213 517 3270 vis
533 3210 638 3270 eodem
653 3210 716 3271 iere
727 3209 829 3271 tendit.
861 3208 933 3270 Nam
954 3209 1095 3284 antlia<

77 3311 189 3358 mama
216 3295 316 3374 (quod
344 3313 399 3361 nos
430 3303 625 3357 cmamcntum
645 3311 716 3356 saue
737 3303 787 3355 aut
808 3294 1085 3355 commentationem

78 3381 313 3459 interpretemur,
333 3380 399 3458 quia
415 3377 500 3438 aliter
513 3394 571 3438 non
591 3393 754 3456 possumus,
774 3374 888 3437 Graeco
905 3375 1008 3438 melius
1026 3377 1083 3458 uti)

79 3481 165 3526 unum
191 3461 373 3524 intellectum
396 3461 501 3539 halret,
527 3477 584 3542 quc
608 3463 700 3524 omnia
721 3467 822 3522 mente
835 3469 979 3541 concepta
994 3461 1085 3542 sigal-
