2570 3946
371 225 797 294 msu.onauon.1.1u.11,o.
1036 214 1077 278 69

74 387 98 447 si
117 387 180 466 quis
194 403 257 446 eam
269 401 324 464 per
338 383 445 462 gradus
458 391 574 460 augeat,
594 382 671 461 quod
684 383 743 458 lex,
761 382 839 461 quod
854 383 981 463 publica,
999 382 1077 462 quod

74 472 110 533 ad
126 470 299 549 religionem
321 466 407 528 deum
423 475 590 546 comparata
612 467 658 526 sit.
698 465 742 527 Ea
761 466 893 545 quidem,
918 465 1075 546 dequibus

74 555 174 634 quaeri
189 554 285 630 solet,
304 553 464 613 communia
482 549 622 610 omnibus.
654 550 713 611 Aut
729 552 805 610 enim
822 551 859 612 de
876 553 938 612 iure
955 551 1118 614 dubitantes

73 647 172 718 potest
189 639 271 714 eius,
288 637 337 715 qui
351 644 454 713 rogat,
471 643 502 694 ut
515 633 555 695 de
570 632 601 694 Ρ.
620 631 731 712 Clodii,
748 636 797 713 qui
814 651 872 696 non
886 637 943 696 rite
959 644 1076 696 creatus

72 723 204 783 tribunus
225 719 417 799 angustarum
443 727 492 779 aut
509 717 546 779 de
561 718 652 797 ipsius
667 721 845 797 rogationis,
869 720 948 798 quod
964 730 1010 780 est
1025 737 1075 779 va-

72 808 163 883 rium,
185 807 248 866 sive
264 820 323 864 non
338 803 413 863 trino
430 802 508 862 lorte
523 801 648 862 nundino
664 803 847 882 promulgata
862 805 925 865 sive
941 822 999 864 non
1014 803 1076 865 ido·

71 908 130 952 neo
157 889 221 965 die,
249 890 312 948 sive
339 896 440 947 contra
466 886 707 948 intercessionem
731 887 781 948 vel
807 889 936 969 auspicia
961 887 1076 950 aliudve

72 975 159 1054 quid,
178 971 254 1053 quod
270 971 407 1054 legitimis
423 970 536 1047 obstet,
561 969 666 1031 dicitur
682 971 742 1032 lata
760 990 828 1033 esse
842 972 892 1033 vel
908 972 996 1049 icrri,
1012 972 1076 1031 sive

46 1093 52 1105 ·
72 1057 159 1121 alicui
174 1058 348 1118 manentium
362 1055 460 1133 legum
474 1071 650 1135 repugnans.
676 1055 736 1117 Sed
751 1056 826 1116 haec
841 1056 877 1117 ad
888 1056 954 1117 illas
970 1057 1119 1134 primassfi

72 1142 298 1203 exercitationes
315 1157 374 1200 uon
389 1139 550 1219 pertinent,
569 1155 634 1198 nam
649 1147 715 1198 suut
729 1138 786 1200 luae
804 1140 877 1200 citra
892 1141 1077 1219 complexum

73 1243 273 1306 personarum,
289 1233 462 1305 temporum,
480 1239 642 1284 causarum.
666 1219 791 1302 Reliqua
808 1223 909 1284 eadem
924 1223 988 1284 iere
1003 1239 1076 1283 uero

72 1313 201 1398 fictoque
216 1308 379 1370 huiusmodi
397 1308 556 1369 certamine
577 1315 747 1368 tractantur.
780 1305 853 1368 Nam
869 1308 969 1368 vitium
985 1316 1033 1368 aut
1048 1307 1118 1373 inat

70 1393 170 1454 verbis
187 1402 236 1453 aut
250 1394 279 1452 in
292 1391 381 1452 rebus
397 1401 451 1452 est.
485 1389 517 1451 lu
532 1389 630 1450 verbis
647 1390 810 1469 quaeritur,
830 1409 866 1452 an
881 1391 952 1452 satis
968 1389 1076 1470 signill-

72 1487 157 1553 ceut,
179 1475 270 1536 ausit
287 1475 315 1535 ln
330 1476 365 1535 iis
383 1475 492 1554 aliquid
508 1474 681 1551 ambiguum.
716 1473 749 1535 ln
764 1474 871 1552 rebus,
896 1494 933 1537 an
950 1473 1001 1536 lex
1021 1473 1077 1535 sibi

70 1565 137 1642 ipsa
153 1560 332 1634 consentiat,
351 1576 387 1619 au
401 1560 430 1617 in
445 1559 634 1638 praeteritum
649 1558 719 1618 ferri
736 1558 858 1636 debeat,
881 1579 917 1620 au
932 1561 961 1619 in
978 1560 1076 1638 singu·

71 1648 118 1708 los
140 1643 281 1705 homiues.
318 1641 443 1703 Maxime
464 1658 536 1703 vero
555 1659 706 1702 commune
729 1652 774 1703 est
797 1661 958 1722 quaerere,
982 1643 1077 1704 ausit

70 1731 212 1804 honesta,
240 1745 276 1788 an
300 1726 388 1788 utilis.
430 1725 494 1788 Nec
520 1727 641 1804 ignoro,
670 1727 771 1807 plures
796 1727 860 1788 deri
887 1747 904 1789 a
927 1727 1119 1808 plerisque38

71 1823 186 1893 partes:
203 1811 257 1872 sed
273 1827 328 1871 nos
345 1812 465 1886 iustum,
482 1812 574 1890 pium,
592 1810 781 1888 religiosum,
801 1821 959 1890 ceteraque
976 1811 1021 1872 his
1038 1811 1076 1870 si-

70 1897 149 1959 milia
164 1895 289 1958 hcnesto
306 1895 536 1975 complectimur.
564 1894 636 1955 lusti
650 1903 747 1954 tamen
762 1896 879 1974 species
895 1913 953 1955 non
968 1894 1076 1972 simpli-

72 1983 146 2042 citer
167 1979 265 2040 excuti
285 1976 392 2039 solent.
434 1978 493 2039 Aut
515 1979 589 2038 euim
605 1977 641 2038 de
662 1996 696 2038 re
713 1979 777 2056 ipsa
802 1980 968 2058 quaeritur,
989 1985 1021 2060 pt
1035 1977 1076 2038 di·

70 2081 167 2144 gnane
177 2079 274 2142 poena
288 2063 339 2123 vel
354 2063 484 2141 praemio
496 2063 549 2131 sit;
568 2071 616 2123 aut
628 2063 665 2123 de
676 2062 763 2124 ruodo
775 2064 897 2142 praemii
912 2079 1076 2144 poenaeue,

72 2151 139 2228 quia
154 2157 211 2209 tam
228 2149 320 2209 maior
338 2165 422 2226 quam
442 2149 535 2208 minor
551 2147 663 2227 culpari
680 2156 789 2226 potest.
822 2146 940 2210 Utilitas
958 2164 1075 2227 quoque
1085 2157 1119 2212 39

70 2234 185 2294 interim
208 2240 310 2294 natura
334 2232 522 2309 discernitur,
547 2232 660 2292 interim
682 2239 824 2311 tempore.
870 2230 1019 2307 Quaedam
1041 2249 1078 2292 an

71 2317 197 2379 obtineri
220 2319 348 2396 possint,
376 2316 483 2395 ambigi
507 2313 595 2376 solet.
637 2314 682 2375 Ne
704 2316 776 2378 illud
799 2317 914 2395 quidem
940 2317 1077 2394 ignorare

71 2409 208 2482 oportet,
224 2400 309 2478 leges
323 2400 478 2480 aliqnando
494 2409 571 2462 totas
584 2399 738 2478 aliquando
753 2417 790 2460 ex
801 2408 885 2480 parte
900 2399 1077 2479 reprehendi

71 2486 190 2560 solere,
208 2502 272 2544 cum
287 2484 452 2562 exemplum
468 2485 512 2545 rei
526 2486 678 2563 utriusque
692 2483 777 2544 nobis
794 2484 881 2544 claris
898 2482 1076 2544 orationibus

70 2566 514 2734 utittt‘..ltttti¹.it
529 2567 1120 2729 iltuit}‘tiittlfftitt4⁰

71 2738 190 2800 llanilia
213 2736 282 2813 luit,
307 2735 343 2796 de
366 2753 423 2814 qua
440 2732 591 2818 Ciceronis
613 2734 706 2794 oratio
724 2742 778 2793 est.
812 2732 872 2794 Sed
889 2733 925 2795 de
940 2733 985 2794 his
1007 2733 1078 2795 nihil

71 2821 214 2884 hocloco
232 2819 364 2901 praecipi
379 2829 495 2899 potest,
519 2826 652 2880 constent
668 2818 743 2877 enirn
758 2819 877 2898 propria
902 2836 1015 2896 rerm,
1041 2817 1077 2879 de
1099 2868 1102 2876 .

73 2907 177 2986 quihus
194 2907 304 2983 egitur,
322 2922 380 2965 non
398 2905 540 2965 communi
556 2902 705 2982 qualitate.

157 2987 208 3050 llis
224 2989 289 3050 lere
305 3000 424 3050 veteres
439 2988 607 3051 facultatem
625 2986 739 3048 dicendi
757 2995 953 3048 exercuerunt
967 3005 1076 3047 assum·
1085 2991 1116 3046 dl

72 3085 123 3155 pta
140 3082 236 3134 tamen
251 3092 268 3134 a
282 3073 445 3135 dialecticis
462 3071 679 3152 argumentandi
695 3071 818 3131 ratione.
853 3070 926 3133 Nam
942 3070 1025 3131 lictae
1041 3069 1077 3128 ad

71 3158 260 3220 imitationem
283 3157 339 3218 fori
362 3157 607 3236 consiliorumque
630 3156 766 3216 materies
787 3155 864 3235 apud
881 3154 1010 3216 Graecos
1036 3151 1076 3212 di-

74 3260 145 3304 cere
167 3243 246 3302 ciroa
261 3240 439 3302 Demetrium
454 3241 597 3304 Phalerea
614 3240 770 3300 institutum
787 3239 851 3299 lere
875 3245 998 3299 constat.
1031 3234 1119 3296 Audi

74 3327 110 3388 ab
129 3327 195 3405 ipso
212 3324 241 3385 id
258 3342 351 3402 genus
367 3327 584 3386 exercitationis
601 3326 638 3385 sit
653 3325 814 3399 inventurn,
836 3331 868 3382 ut
885 3321 943 3382 alio
960 3336 1077 3399 quoque

73 3410 150 3472 libro
168 3427 230 3470 sum
247 3408 418 3484 confessus,
434 3426 534 3487 parurn
551 3410 695 3488 comperi;
713 3407 766 3468 sed
781 3424 818 3466 ne
834 3405 863 3466 hi
881 3404 1012 3484 quidem,
1029 3403 1077 3484 qui

75 3494 133 3556 hoc
149 3493 309 3555 fortissime
331 3491 490 3574 affirment,
513 3493 573 3554 ullo
590 3494 660 3553 setis
678 3491 785 3553 idoneo
802 3498 923 3552 auctore
939 3490 1076 3550 nituntur.
