<?xml version="1.0" encoding="UTF-8"?>
<!DOCTYPE html PUBLIC "-//W3C//DTD XHTML 1.0 Transitional//EN"
    "http://www.w3.org/TR/xhtml1/DTD/xhtml1-transitional.dtd">
<html xmlns="http://www.w3.org/1999/xhtml" xml:lang="en" lang="en">
 <head>
  <title>
</title>
<meta http-equiv="Content-Type" content="text/html;charset=utf-8" />
  <meta name='ocr-system' content='tesseract 3.04.00' />
  <meta name='ocr-capabilities' content='ocr_page ocr_carea ocr_par ocr_line ocrx_word'/>
</head>
<body>
  <div class='ocr_page' id='page_1' title='image "./mfabiiquintilia19quingoog_0248.png"; bbox 0 0 2592 3940; ppageno 0'>
   <div class='ocr_carea' id='block_1_1' title="bbox 380 215 1097 294">
    <p class='ocr_par' dir='ltr' id='par_1_1' title="bbox 380 215 1097 294">
     <span class='ocr_line' id='line_1_1' title="bbox 380 215 1097 294; baseline 0.007 -19"><span class='ocrx_word' id='word_1_1' title='bbox 380 226 471 276; x_wconf 81' lang='lat' dir='ltr'><strong><em>cusu.</em></strong></span> <span class='ocrx_word' id='word_1_2' title='bbox 483 224 634 289; x_wconf 68' lang='lat' dir='ltr'><strong><em>aaaron.</em></strong></span> <span class='ocrx_word' id='word_1_3' title='bbox 644 225 714 276; x_wconf 78' lang='lat' dir='ltr'><strong><em>ors.</em></strong></span> <span class='ocrx_word' id='word_1_4' title='bbox 725 227 757 294; x_wconf 87' lang='lat' dir='ltr'><strong><em>v,</em></strong></span> <span class='ocrx_word' id='word_1_5' title='bbox 770 226 814 279; x_wconf 89' lang='lat'><strong><em>11.</em></strong></span> <span class='ocrx_word' id='word_1_6' title='bbox 1034 215 1097 280; x_wconf 73' lang='lat' dir='ltr'><strong><em>uit</em></strong></span> 
     </span>
    </p>
   </div>
   <div class='ocr_carea' id='block_1_2' title="bbox 11 380 1142 1632">
    <p class='ocr_par' dir='ltr' id='par_1_2' title="bbox 88 380 1104 794">
     <span class='ocr_line' id='line_1_2' title="bbox 91 380 1102 461; baseline 0.007 -19"><span class='ocrx_word' id='word_1_7' title='bbox 91 383 146 461; x_wconf 69' lang='lat' dir='ltr'><strong><em>uui</em></strong></span> <span class='ocrx_word' id='word_1_8' title='bbox 160 401 207 442; x_wconf 91' lang='lat' dir='ltr'><strong><em>me</em></strong></span> <span class='ocrx_word' id='word_1_9' title='bbox 223 382 311 443; x_wconf 79' lang='lat' dir='ltr'><strong><em>euire</em></strong></span> <span class='ocrx_word' id='word_1_10' title='bbox 326 380 414 442; x_wconf 80' lang='lat' dir='ltr'><strong><em>doato</em></strong></span> <span class='ocrx_word' id='word_1_11' title='bbox 427 382 577 460; x_wconf 79' lang='lat' dir='ltr'><strong><em>coepisset</em></strong></span> <span class='ocrx_word' id='word_1_12' title='bbox 591 383 702 459; x_wconf 73' lang='lat' dir='ltr'><strong><em>omlis,</em></strong></span> <span class='ocrx_word' id='word_1_13' title='bbox 719 381 864 445; x_wconf 83' lang='lat' dir='ltr'><strong><em>boberem</em></strong></span> <span class='ocrx_word' id='word_1_14' title='bbox 880 385 1049 458; x_wconf 69' lang='lat' dir='ltr'><strong><em>actionem</em></strong></span> <span class='ocrx_word' id='word_1_15' title='bbox 1070 388 1102 448; x_wconf 84' lang='lat' dir='ltr'><strong><em>si</em></strong></span> 
     </span>
     <span class='ocr_line' id='line_1_3' title="bbox 92 463 1095 544; baseline 0.005 -19"><span class='ocrx_word' id='word_1_16' title='bbox 92 467 145 544; x_wconf 76' lang='lat' dir='ltr'><strong><em>qui</em></strong></span> <span class='ocrx_word' id='word_1_17' title='bbox 157 466 286 526; x_wconf 83' lang='lat' dir='ltr'><strong><em>introire</em></strong></span> <span class='ocrx_word' id='word_1_18' title='bbox 298 463 520 543; x_wconf 70' lang='lat' dir='ltr'><strong><em>prohibuisset,</em></strong></span> <span class='ocrx_word' id='word_1_19' title='bbox 542 481 603 526; x_wconf 82' lang='lat' dir='ltr'><strong><em>mon</em></strong></span> <span class='ocrx_word' id='word_1_20' title='bbox 618 465 786 528; x_wconf 74' lang='lat' dir='ltr'><strong><em>tenuem?</em></strong></span> <span class='ocrx_word' id='word_1_21' title='bbox 816 463 974 529; x_wconf 80' lang='lat' dir='ltr'><strong>Dissimilia</strong></span> <span class='ocrx_word' id='word_1_22' title='bbox 988 471 1031 530; x_wconf 90' lang='lat' dir='ltr'><strong><em>sic</em></strong></span> <span class='ocrx_word' id='word_1_23' title='bbox 1045 470 1095 530; x_wconf 90' lang='lat' dir='ltr'><strong><em>de·</em></strong></span> 
     </span>
     <span class='ocr_line' id='line_1_4' title="bbox 91 545 1104 630; baseline 0.008 -22"><span class='ocrx_word' id='word_1_24' title='bbox 91 547 323 627; x_wconf 62' lang='lat' dir='ltr'><strong><em>prehenduntum</em></strong></span> <span class='ocrx_word' id='word_1_25' title='bbox 343 545 429 624; x_wconf 86' lang='lat' dir='ltr'><strong><em>Nou,</em></strong></span> <span class='ocrx_word' id='word_1_26' title='bbox 449 548 493 622; x_wconf 86' lang='lat' dir='ltr'><strong><em>si,</em></strong></span> <span class='ocrx_word' id='word_1_27' title='bbox 510 549 563 626; x_wconf 80' lang='lat' dir='ltr'><strong><em>qui</em></strong></span> <span class='ocrx_word' id='word_1_28' title='bbox 573 557 735 628; x_wconf 72' lang='lat' dir='ltr'><strong><em>arpentum</em></strong></span> <span class='ocrx_word' id='word_1_29' title='bbox 745 567 834 610; x_wconf 85' lang='lat' dir='ltr'><strong><em>omme</em></strong></span> <span class='ocrx_word' id='word_1_30' title='bbox 844 551 974 630; x_wconf 80' lang='lat' dir='ltr'><strong><em>deponit,</em></strong></span> <span class='ocrx_word' id='word_1_31' title='bbox 995 553 1104 616; x_wconf 79' lang='lat' dir='ltr'><strong><em>uideri</em></strong></span> 
     </span>
     <span class='ocr_line' id='line_1_5' title="bbox 88 632 1102 714; baseline 0.001 -19"><span class='ocrx_word' id='word_1_32' title='bbox 88 641 186 710; x_wconf 87' lang='lat' dir='ltr'><strong><em>potest</em></strong></span> <span class='ocrx_word' id='word_1_33' title='bbox 202 634 360 712; x_wconf 78' lang='lat' dir='ltr'><strong><em>..sipontum</em></strong></span> <span class='ocrx_word' id='word_1_34' title='bbox 382 646 502 709; x_wconf 78' lang='lat' dir='ltr'><strong><em>quoque</em></strong></span> <span class='ocrx_word' id='word_1_35' title='bbox 520 633 685 710; x_wconf 80' lang='lat' dir='ltr'><strong><em>pecuniam</em></strong></span> <span class='ocrx_word' id='word_1_36' title='bbox 706 632 884 711; x_wconf 73' lang='lat' dir='ltr'><strong><em>reliquisse:</em></strong></span> <span class='ocrx_word' id='word_1_37' title='bbox 905 635 977 696; x_wconf 87' lang='lat' dir='ltr'><strong><em>ideo</em></strong></span> <span class='ocrx_word' id='word_1_38' title='bbox 993 638 1102 714; x_wconf 40' lang='lat' dir='ltr'><strong><em>etiamr</em></strong></span> 
     </span>
     <span class='ocr_line' id='line_1_6' title="bbox 91 714 889 794; baseline 0.003 -18"><span class='ocrx_word' id='word_1_39' title='bbox 91 718 174 794; x_wconf 78' lang='lat' dir='ltr'><strong><em>qood</em></strong></span> <span class='ocrx_word' id='word_1_40' title='bbox 187 724 233 777; x_wconf 84' lang='lat' dir='ltr'><strong><em>est</em></strong></span> <span class='ocrx_word' id='word_1_41' title='bbox 246 717 279 776; x_wconf 86' lang='lat' dir='ltr'><strong><em>im</em></strong></span> <span class='ocrx_word' id='word_1_42' title='bbox 293 714 483 790; x_wconf 74' lang='lat' dir='ltr'><strong><em>sensisibus,</em></strong></span> <span class='ocrx_word' id='word_1_43' title='bbox 505 716 579 778; x_wconf 85' lang='lat' dir='ltr'><strong><em>doti</em></strong></span> <span class='ocrx_word' id='word_1_44' title='bbox 592 717 724 777; x_wconf 79' lang='lat' dir='ltr'><strong><em>coluisse</em></strong></span> <span class='ocrx_word' id='word_1_45' title='bbox 740 718 889 779; x_wconf 83' lang='lat' dir='ltr'><strong><em>creditur.</em></strong></span> 
     </span>
    </p>

    <p class='ocr_par' dir='ltr' id='par_1_3' title="bbox 63 791 1142 1295">
     <span class='ocr_line' id='line_1_7' title="bbox 63 791 1142 879; baseline 0.009 -23"><span class='ocrx_word' id='word_1_46' title='bbox 63 827 64 832; x_wconf 42' lang='lat'>1</span> <span class='ocrx_word' id='word_1_47' title='bbox 172 791 397 876; x_wconf 53' lang='lat' dir='ltr'><strong><em>&#39;siculopiau</em></strong></span> <span class='ocrx_word' id='word_1_48' title='bbox 418 799 532 876; x_wconf 89' lang='lat' dir='ltr'><strong><em>quidam</em></strong></span> <span class='ocrx_word' id='word_1_49' title='bbox 553 815 570 859; x_wconf 89' lang='lat' dir='ltr'><strong><em>a</em></strong></span> <span class='ocrx_word' id='word_1_50' title='bbox 590 799 676 859; x_wconf 87' lang='lat' dir='ltr'><strong><em>simili</em></strong></span> <span class='ocrx_word' id='word_1_51' title='bbox 701 809 928 879; x_wconf 78' lang='lat' dir='ltr'><strong><em>separaverunt,</em></strong></span> <span class='ocrx_word' id='word_1_52' title='bbox 958 819 1012 862; x_wconf 90' lang='lat' dir='ltr'><strong><em>nos</em></strong></span> <span class='ocrx_word' id='word_1_53' title='bbox 1034 812 1142 870; x_wconf 69' lang='lat' dir='ltr'><strong><em>eumad</em></strong></span> 
     </span>
     <span class='ocr_line' id='line_1_8' title="bbox 90 880 1102 962; baseline 0.006 -20"><span class='ocrx_word' id='word_1_54' title='bbox 90 881 250 942; x_wconf 83' lang='lat' dir='ltr'><strong><em>subiectam</em></strong></span> <span class='ocrx_word' id='word_1_55' title='bbox 269 880 336 942; x_wconf 89' lang='lat' dir='ltr'><strong><em>buic</em></strong></span> <span class='ocrx_word' id='word_1_56' title='bbox 357 883 462 958; x_wconf 81' lang='lat' dir='ltr'><strong><em>generi</em></strong></span> <span class='ocrx_word' id='word_1_57' title='bbox 483 892 626 962; x_wconf 78' lang='lat' dir='ltr'><strong><em>putanrus.</em></strong></span> <span class='ocrx_word' id='word_1_58' title='bbox 676 880 764 960; x_wconf 86' lang='lat' dir='ltr'><strong><em>Nam,</em></strong></span> <span class='ocrx_word' id='word_1_59' title='bbox 787 893 818 943; x_wconf 86' lang='lat' dir='ltr'><strong><em>ut</em></strong></span> <span class='ocrx_word' id='word_1_60' title='bbox 839 902 924 945; x_wconf 90' lang='lat' dir='ltr'><strong><em>unum</em></strong></span> <span class='ocrx_word' id='word_1_61' title='bbox 941 885 977 946; x_wconf 87' lang='lat' dir='ltr'><strong><em>ad</em></strong></span> <span class='ocrx_word' id='word_1_62' title='bbox 992 887 1102 948; x_wconf 78' lang='lat' dir='ltr'><strong><em>decern</em></strong></span> 
     </span>
     <span class='ocr_line' id='line_1_9' title="bbox 90 965 1099 1043; baseline 0.006 -18"><span class='ocrx_word' id='word_1_63' title='bbox 90 968 130 1028; x_wconf 87' lang='lat' dir='ltr'><strong><em>ita</em></strong></span> <span class='ocrx_word' id='word_1_64' title='bbox 146 965 249 1026; x_wconf 87' lang='lat' dir='ltr'><strong><em>decem</em></strong></span> <span class='ocrx_word' id='word_1_65' title='bbox 264 965 300 1026; x_wconf 90' lang='lat' dir='ltr'><strong><em>ad</em></strong></span> <span class='ocrx_word' id='word_1_66' title='bbox 316 973 446 1042; x_wconf 81' lang='lat' dir='ltr'><strong><em>centnm,</em></strong></span> <span class='ocrx_word' id='word_1_67' title='bbox 468 965 562 1026; x_wconf 86' lang='lat' dir='ltr'><strong><em>simile</em></strong></span> <span class='ocrx_word' id='word_1_68' title='bbox 579 975 661 1026; x_wconf 90' lang='lat' dir='ltr'><strong><em>certe</em></strong></span> <span class='ocrx_word' id='word_1_69' title='bbox 676 976 735 1036; x_wconf 78' lang='lat' dir='ltr'><strong><em>est3</em></strong></span> <span class='ocrx_word' id='word_1_70' title='bbox 760 975 806 1043; x_wconf 86' lang='lat' dir='ltr'><strong><em>et,</em></strong></span> <span class='ocrx_word' id='word_1_71' title='bbox 824 977 854 1026; x_wconf 93' lang='lat' dir='ltr'><strong><em>ut</em></strong></span> <span class='ocrx_word' id='word_1_72' title='bbox 869 968 961 1029; x_wconf 88' lang='lat' dir='ltr'><strong><em>hostis</em></strong></span> <span class='ocrx_word' id='word_1_73' title='bbox 977 971 1021 1030; x_wconf 91' lang='lat' dir='ltr'><strong><em>sic</em></strong></span> <span class='ocrx_word' id='word_1_74' title='bbox 1036 988 1099 1032; x_wconf 37' lang='lat' dir='ltr'><strong><em>rna-v</em></strong></span> 
     </span>
     <span class='ocr_line' id='line_1_10' title="bbox 90 1047 1100 1130; baseline 0.006 -21"><span class='ocrx_word' id='word_1_75' title='bbox 90 1050 135 1110; x_wconf 85' lang='lat' dir='ltr'><strong><em>lus</em></strong></span> <span class='ocrx_word' id='word_1_76' title='bbox 152 1050 233 1109; x_wconf 83' lang='lat' dir='ltr'><strong><em>civis.</em></strong></span> <span class='ocrx_word' id='word_1_77' title='bbox 265 1047 434 1128; x_wconf 79' lang='lat' dir='ltr'><strong><em>Quanquam</em></strong></span> <span class='ocrx_word' id='word_1_78' title='bbox 448 1048 523 1112; x_wconf 85' lang='lat' dir='ltr'><strong><em>baso</em></strong></span> <span class='ocrx_word' id='word_1_79' title='bbox 537 1050 658 1110; x_wconf 87' lang='lat' dir='ltr'><strong><em>ulterius</em></strong></span> <span class='ocrx_word' id='word_1_80' title='bbox 671 1067 789 1128; x_wconf 84' lang='lat' dir='ltr'><strong><em>quoque</em></strong></span> <span class='ocrx_word' id='word_1_81' title='bbox 804 1051 970 1130; x_wconf 80' lang='lat' dir='ltr'><strong><em>procedere</em></strong></span> <span class='ocrx_word' id='word_1_82' title='bbox 981 1054 1100 1116; x_wconf 70' lang='lat' dir='ltr'><strong><em>solent:</em></strong></span> 
     </span>
     <span class='ocr_line' id='line_1_11' title="bbox 89 1135 1103 1214; baseline 0.006 -20"><span class='ocrx_word' id='word_1_83' title='bbox 89 1135 118 1194; x_wconf 87' lang='lat' dir='ltr'><strong><em>si</em></strong></span> <span class='ocrx_word' id='word_1_84' title='bbox 135 1135 235 1212; x_wconf 85' lang='lat' dir='ltr'><strong><em>turpis</em></strong></span> <span class='ocrx_word' id='word_1_85' title='bbox 256 1135 398 1196; x_wconf 66' lang='lat' dir='ltr'><strong><em>domnos</em></strong></span> <span class='ocrx_word' id='word_1_86' title='bbox 418 1135 604 1196; x_wconf 85' lang='lat' dir='ltr'><strong><em>consuetudo</em></strong></span> <span class='ocrx_word' id='word_1_87' title='bbox 626 1153 694 1194; x_wconf 84' lang='lat' dir='ltr'><strong><em>eam</em></strong></span> <span class='ocrx_word' id='word_1_88' title='bbox 719 1150 825 1210; x_wconf 81' lang='lat' dir='ltr'><strong><em>seruo,</em></strong></span> <span class='ocrx_word' id='word_1_89' title='bbox 851 1137 951 1214; x_wconf 84' lang='lat' dir='ltr'><strong><em>turpis</em></strong></span> <span class='ocrx_word' id='word_1_90' title='bbox 976 1137 1103 1200; x_wconf 78' lang='lat' dir='ltr'><strong><em>domitta·</em></strong></span> 
     </span>
     <span class='ocr_line' id='line_1_12' title="bbox 90 1216 1095 1295; baseline 0.003 -15"><span class='ocrx_word' id='word_1_91' title='bbox 90 1236 158 1280; x_wconf 87' lang='lat' dir='ltr'><strong><em>cum</em></strong></span> <span class='ocrx_word' id='word_1_92' title='bbox 173 1218 308 1286; x_wconf 74' lang='lat' dir='ltr'><strong><em>occillos</em></strong></span> <span class='ocrx_word' id='word_1_93' title='bbox 328 1218 357 1278; x_wconf 84' lang='lat' dir='ltr'><strong><em>si</em></strong></span> <span class='ocrx_word' id='word_1_94' title='bbox 373 1219 463 1278; x_wconf 72' lang='lat' dir='ltr'><strong><em>mais</em></strong></span> <span class='ocrx_word' id='word_1_95' title='bbox 479 1217 666 1279; x_wconf 76' lang='lat' dir='ltr'><strong><em>animalibus</em></strong></span> <span class='ocrx_word' id='word_1_96' title='bbox 680 1216 750 1294; x_wconf 76' lang='lat' dir='ltr'><strong><em>fiais</em></strong></span> <span class='ocrx_word' id='word_1_97' title='bbox 764 1218 921 1295; x_wconf 84' lang='lat' dir='ltr'><strong><em>octuplos,</em></strong></span> <span class='ocrx_word' id='word_1_98' title='bbox 942 1219 1024 1281; x_wconf 87' lang='lat' dir='ltr'><strong><em>idem</em></strong></span> <span class='ocrx_word' id='word_1_99' title='bbox 1041 1221 1095 1283; x_wconf 84' lang='lat' dir='ltr'><strong><em>bo·</em></strong></span> 
     </span>
    </p>

    <p class='ocr_par' dir='ltr' id='par_1_4' title="bbox 11 1298 1142 1632">
     <span class='ocr_line' id='line_1_13' title="bbox 11 1298 1142 1379; baseline 0.001 -16"><span class='ocrx_word' id='word_1_100' title='bbox 11 1303 12 1346; x_wconf 75' lang='grc' dir='ltr'><strong>ἓ</strong></span> <span class='ocrx_word' id='word_1_101' title='bbox 89 1302 171 1364; x_wconf 85' lang='lat' dir='ltr'><strong><em>mimi.</em></strong></span> <span class='ocrx_word' id='word_1_102' title='bbox 217 1298 271 1361; x_wconf 83' lang='lat' dir='ltr'><strong><em>(lui</em></strong></span> <span class='ocrx_word' id='word_1_103' title='bbox 291 1301 335 1360; x_wconf 85' lang='lat' dir='ltr'><strong><em>rai</em></strong></span> <span class='ocrx_word' id='word_1_104' title='bbox 357 1299 496 1361; x_wconf 77' lang='lat' dir='ltr'><strong><em>facillime</em></strong></span> <span class='ocrx_word' id='word_1_105' title='bbox 517 1301 644 1360; x_wconf 91' lang='lat' dir='ltr'><strong><em>occurrit</em></strong></span> <span class='ocrx_word' id='word_1_106' title='bbox 660 1317 698 1358; x_wconf 84' lang='lat' dir='ltr'><strong><em>ex</em></strong></span> <span class='ocrx_word' id='word_1_107' title='bbox 714 1300 898 1360; x_wconf 76' lang='lat' dir='ltr'><strong><em>dissimilibus</em></strong></span> <span class='ocrx_word' id='word_1_108' title='bbox 913 1313 1142 1379; x_wconf 49' lang='lat' dir='ltr'><strong><em>argumenta-35¹</em></strong></span> 
     </span>
     <span class='ocr_line' id='line_1_14' title="bbox 90 1381 1095 1464; baseline 0.004 -18"><span class='ocrx_word' id='word_1_109' title='bbox 90 1387 146 1446; x_wconf 89' lang='lat' dir='ltr'><strong><em>tic:</em></strong></span> <span class='ocrx_word' id='word_1_110' title='bbox 168 1381 236 1446; x_wconf 85' lang='lat' dir='ltr'><strong><em>Non</em></strong></span> <span class='ocrx_word' id='word_1_111' title='bbox 251 1383 334 1445; x_wconf 83' lang='lat' dir='ltr'><strong><em>idem</em></strong></span> <span class='ocrx_word' id='word_1_112' title='bbox 353 1390 398 1445; x_wconf 86' lang='lat' dir='ltr'><strong><em>est</em></strong></span> <span class='ocrx_word' id='word_1_113' title='bbox 420 1385 572 1446; x_wconf 69' lang='lat' dir='ltr'><strong><em>domimm</em></strong></span> <span class='ocrx_word' id='word_1_114' title='bbox 588 1403 657 1446; x_wconf 86' lang='lat' dir='ltr'><strong><em>cum</em></strong></span> <span class='ocrx_word' id='word_1_115' title='bbox 672 1386 788 1446; x_wconf 83' lang='lat' dir='ltr'><strong><em>ancillo</em></strong></span> <span class='ocrx_word' id='word_1_116' title='bbox 804 1385 918 1463; x_wconf 86' lang='lat' dir='ltr'><strong><em>coisse,</em></strong></span> <span class='ocrx_word' id='word_1_117' title='bbox 941 1388 1024 1464; x_wconf 80' lang='lat' dir='ltr'><strong><em>quod</em></strong></span> <span class='ocrx_word' id='word_1_118' title='bbox 1039 1388 1095 1450; x_wconf 88' lang='lat' dir='ltr'><strong><em>do·</em></strong></span> 
     </span>
     <span class='ocr_line' id='line_1_15' title="bbox 89 1467 1094 1548; baseline 0.002 -17"><span class='ocrx_word' id='word_1_119' title='bbox 89 1471 201 1531; x_wconf 74' lang='lat' dir='ltr'><strong><em>aduam</em></strong></span> <span class='ocrx_word' id='word_1_120' title='bbox 216 1486 285 1529; x_wconf 88' lang='lat' dir='ltr'><strong><em>cum</em></strong></span> <span class='ocrx_word' id='word_1_121' title='bbox 299 1485 410 1537; x_wconf 79' lang='lat' dir='ltr'><strong><em>suuo;</em></strong></span> <span class='ocrx_word' id='word_1_122' title='bbox 439 1487 515 1546; x_wconf 86' lang='lat' dir='ltr'><strong><em>uec,</em></strong></span> <span class='ocrx_word' id='word_1_123' title='bbox 537 1470 566 1529; x_wconf 90' lang='lat' dir='ltr'><strong><em>si</em></strong></span> <span class='ocrx_word' id='word_1_124' title='bbox 579 1468 670 1528; x_wconf 87' lang='lat' dir='ltr'><strong><em>mutis</em></strong></span> <span class='ocrx_word' id='word_1_125' title='bbox 687 1467 759 1546; x_wconf 73' lang='lat' dir='ltr'><strong><em>finis</em></strong></span> <span class='ocrx_word' id='word_1_126' title='bbox 773 1469 931 1548; x_wconf 82' lang='lat' dir='ltr'><strong><em>uoluptas,</em></strong></span> <span class='ocrx_word' id='word_1_127' title='bbox 954 1471 1094 1533; x_wconf 82' lang='lat' dir='ltr'><strong><em>rutimuo-</em></strong></span> 
     </span>
     <span class='ocr_line' id='line_1_16' title="bbox 89 1549 1095 1632; baseline 0.002 -17"><span class='ocrx_word' id='word_1_128' title='bbox 89 1553 169 1616; x_wconf 86' lang='lat' dir='ltr'><strong><em>libus</em></strong></span> <span class='ocrx_word' id='word_1_129' title='bbox 191 1566 330 1632; x_wconf 71' lang='lat' dir='ltr'><strong><em>quoques</em></strong></span> <span class='ocrx_word' id='word_1_130' title='bbox 359 1551 427 1630; x_wconf 88' lang='lat' dir='ltr'><strong><em>quin</em></strong></span> <span class='ocrx_word' id='word_1_131' title='bbox 446 1552 530 1611; x_wconf 87' lang='lat' dir='ltr'><strong><em>irnmo</em></strong></span> <span class='ocrx_word' id='word_1_132' title='bbox 552 1569 590 1612; x_wconf 86' lang='lat' dir='ltr'><strong><em>ex</em></strong></span> <span class='ocrx_word' id='word_1_133' title='bbox 614 1553 774 1612; x_wconf 84' lang='lat' dir='ltr'><strong><em>contrario:</em></strong></span> <span class='ocrx_word' id='word_1_134' title='bbox 805 1549 886 1626; x_wconf 81' lang='lat' dir='ltr'><strong><em>(luia</em></strong></span> <span class='ocrx_word' id='word_1_135' title='bbox 910 1555 1001 1615; x_wconf 86' lang='lat' dir='ltr'><strong><em>mutis</em></strong></span> <span class='ocrx_word' id='word_1_136' title='bbox 1023 1555 1095 1617; x_wconf 82' lang='lat' dir='ltr'><strong><em>ideo</em></strong></span> 
     </span>
    </p>
   </div>
   <div class='ocr_carea' id='block_1_3' title="bbox 11 1636 382 1706">
    <p class='ocr_par' dir='ltr' id='par_1_5' title="bbox 11 1636 382 1706">
     <span class='ocr_line' id='line_1_17' title="bbox 11 1636 382 1706; baseline -0.008 -8"><span class='ocrx_word' id='word_1_137' title='bbox 11 1677 12 1706; x_wconf 37' lang='lat' dir='ltr'><strong><em>a</em></strong></span> <span class='ocrx_word' id='word_1_138' title='bbox 88 1655 150 1706; x_wconf 67' lang='lat' dir='ltr'><strong><em>mom</em></strong></span> <span class='ocrx_word' id='word_1_139' title='bbox 168 1636 382 1699; x_wconf 78' lang='lat' dir='ltr'><strong><em>mliouolibus.</em></strong></span> 
     </span>
    </p>
   </div>
   <div class='ocr_carea' id='block_1_4' title="bbox 11 1717 1143 3618">
    <p class='ocr_par' dir='ltr' id='par_1_6' title="bbox 11 1717 1143 3618">
     <span class='ocr_line' id='line_1_18' title="bbox 174 1717 1143 1787; baseline 0.005 -7"><span class='ocrx_word' id='word_1_140' title='bbox 174 1717 367 1780; x_wconf 79' lang='lat' dir='ltr'><strong><em>Adhibebitur</em></strong></span> <span class='ocrx_word' id='word_1_141' title='bbox 398 1719 580 1779; x_wconf 83' lang='lat' dir='ltr'><strong><em>extrinsecus</em></strong></span> <span class='ocrx_word' id='word_1_142' title='bbox 610 1720 639 1778; x_wconf 92' lang='lat' dir='ltr'><strong><em>in</em></strong></span> <span class='ocrx_word' id='word_1_143' title='bbox 671 1737 787 1780; x_wconf 89' lang='lat' dir='ltr'><strong><em>cansam</em></strong></span> <span class='ocrx_word' id='word_1_144' title='bbox 813 1728 842 1779; x_wconf 87' lang='lat' dir='ltr'><strong><em>et</em></strong></span> <span class='ocrx_word' id='word_1_145' title='bbox 871 1722 1143 1787; x_wconf 72' lang='lat' dir='ltr'><strong><em>auctoritamus</em></strong></span> 
     </span>
     <span class='ocr_line' id='line_1_19' title="bbox 90 1801 1095 1883; baseline 0 -19"><span class='ocrx_word' id='word_1_146' title='bbox 90 1803 171 1865; x_wconf 86' lang='lat' dir='ltr'><strong><em>llaec</em></strong></span> <span class='ocrx_word' id='word_1_147' title='bbox 186 1803 281 1864; x_wconf 87' lang='lat' dir='ltr'><strong><em>secuti</em></strong></span> <span class='ocrx_word' id='word_1_148' title='bbox 297 1801 443 1878; x_wconf 78' lang='lat' dir='ltr'><strong><em>Graecos,</em></strong></span> <span class='ocrx_word' id='word_1_149' title='bbox 465 1801 599 1883; x_wconf 83' lang='lat' dir='ltr'><strong><em>aquibus</em></strong></span> <span class='ocrx_word' id='word_1_150' title='bbox 618 1802 726 1883; x_wconf 72' lang='grc' dir='ltr'><strong><em>κρίσεις</em></strong></span> <span class='ocrx_word' id='word_1_151' title='bbox 741 1803 888 1877; x_wconf 86' lang='lat' dir='ltr'><strong><em>dicuntur,</em></strong></span> <span class='ocrx_word' id='word_1_152' title='bbox 909 1805 1029 1867; x_wconf 86' lang='lat' dir='ltr'><strong><em>iudicio</em></strong></span> <span class='ocrx_word' id='word_1_153' title='bbox 1046 1815 1095 1866; x_wconf 86' lang='lat' dir='ltr'><strong><em>aut</em></strong></span> 
     </span>
     <span class='ocr_line' id='line_1_20' title="bbox 11 1885 1094 1964; baseline 0.003 -18"><span class='ocrx_word' id='word_1_154' title='bbox 11 1889 12 1894; x_wconf 76' lang='grc'>’</span> <span class='ocrx_word' id='word_1_155' title='bbox 89 1889 294 1950; x_wconf 82' lang='lat' dir='ltr'><strong><em>iudicationes</em></strong></span> <span class='ocrx_word' id='word_1_156' title='bbox 307 1895 431 1962; x_wconf 84' lang='lat' dir='ltr'><strong><em>vocant,</em></strong></span> <span class='ocrx_word' id='word_1_157' title='bbox 451 1903 508 1946; x_wconf 89' lang='lat' dir='ltr'><strong><em>uon</em></strong></span> <span class='ocrx_word' id='word_1_158' title='bbox 528 1885 683 1964; x_wconf 84' lang='lat' dir='ltr'><strong><em>dequibus</em></strong></span> <span class='ocrx_word' id='word_1_159' title='bbox 700 1905 738 1946; x_wconf 87' lang='lat' dir='ltr'><strong><em>ex</em></strong></span> <span class='ocrx_word' id='word_1_160' title='bbox 755 1904 842 1947; x_wconf 89' lang='lat' dir='ltr'><strong><em>causa</em></strong></span> <span class='ocrx_word' id='word_1_161' title='bbox 858 1886 934 1948; x_wconf 89' lang='lat' dir='ltr'><strong><em>diota</em></strong></span> <span class='ocrx_word' id='word_1_162' title='bbox 952 1890 1094 1950; x_wconf 86' lang='lat' dir='ltr'><strong><em>sententia</em></strong></span> 
     </span>
     <span class='ocr_line' id='line_1_21' title="bbox 91 1969 1094 2051; baseline 0 -19"><span class='ocrx_word' id='word_1_163' title='bbox 91 1979 153 2047; x_wconf 84' lang='lat' dir='ltr'><strong><em>est,</em></strong></span> <span class='ocrx_word' id='word_1_164' title='bbox 175 1969 255 2050; x_wconf 87' lang='lat' dir='ltr'><strong><em>(nam</em></strong></span> <span class='ocrx_word' id='word_1_165' title='bbox 277 1985 311 2031; x_wconf 88' lang='lat' dir='ltr'><strong><em>ea</em></strong></span> <span class='ocrx_word' id='word_1_166' title='bbox 332 1969 448 2050; x_wconf 87' lang='lat' dir='ltr'><strong><em>quidem</em></strong></span> <span class='ocrx_word' id='word_1_167' title='bbox 468 1971 496 2031; x_wconf 89' lang='lat' dir='ltr'><strong><em>in</em></strong></span> <span class='ocrx_word' id='word_1_168' title='bbox 521 1969 720 2047; x_wconf 87' lang='lat' dir='ltr'><strong><em>exemplorum</em></strong></span> <span class='ocrx_word' id='word_1_169' title='bbox 743 1971 839 2030; x_wconf 89' lang='lat' dir='ltr'><strong><em>locum</em></strong></span> <span class='ocrx_word' id='word_1_170' title='bbox 859 1971 980 2051; x_wconf 87' lang='lat' dir='ltr'><strong><em>cadunt)</em></strong></span> <span class='ocrx_word' id='word_1_171' title='bbox 1000 1971 1052 2032; x_wconf 90' lang='lat' dir='ltr'><strong><em>sed</em></strong></span> <span class='ocrx_word' id='word_1_172' title='bbox 1069 1974 1094 2032; x_wconf 90' lang='lat' dir='ltr'><strong><em>si</em></strong></span> 
     </span>
     <span class='ocr_line' id='line_1_22' title="bbox 91 2051 1093 2136; baseline -0.001 -21"><span class='ocrx_word' id='word_1_173' title='bbox 91 2054 159 2136; x_wconf 86' lang='lat' dir='ltr'><strong><em>quid</em></strong></span> <span class='ocrx_word' id='word_1_174' title='bbox 180 2055 219 2115; x_wconf 90' lang='lat' dir='ltr'><strong><em>ita</em></strong></span> <span class='ocrx_word' id='word_1_175' title='bbox 239 2056 332 2114; x_wconf 87' lang='lat' dir='ltr'><strong><em>visum</em></strong></span> <span class='ocrx_word' id='word_1_176' title='bbox 355 2051 505 2132; x_wconf 80' lang='lat' dir='ltr'><strong><em>gentibus,</em></strong></span> <span class='ocrx_word' id='word_1_177' title='bbox 529 2053 662 2133; x_wconf 87' lang='lat' dir='ltr'><strong><em>populis,</em></strong></span> <span class='ocrx_word' id='word_1_178' title='bbox 689 2053 867 2133; x_wconf 79' lang='lat' dir='ltr'><strong><em>sapientibus</em></strong></span> <span class='ocrx_word' id='word_1_179' title='bbox 890 2056 977 2132; x_wconf 86' lang='lat' dir='ltr'><strong><em>viris,</em></strong></span> <span class='ocrx_word' id='word_1_180' title='bbox 1007 2056 1093 2116; x_wconf 87' lang='lat' dir='ltr'><strong><em>claris</em></strong></span> 
     </span>
     <span class='ocr_line' id='line_1_23' title="bbox 91 2137 1138 2218; baseline 0.005 -18"><span class='ocrx_word' id='word_1_181' title='bbox 91 2137 219 2215; x_wconf 83' lang='lat' dir='ltr'><strong><em>civibus,</em></strong></span> <span class='ocrx_word' id='word_1_182' title='bbox 248 2137 408 2199; x_wconf 76' lang='lat' dir='ltr'><strong><em>illustribus</em></strong></span> <span class='ocrx_word' id='word_1_183' title='bbox 430 2140 526 2217; x_wconf 88' lang='lat' dir='ltr'><strong><em>poetis</em></strong></span> <span class='ocrx_word' id='word_1_184' title='bbox 546 2138 649 2200; x_wconf 84' lang='lat' dir='ltr'><strong><em>reterri</em></strong></span> <span class='ocrx_word' id='word_1_185' title='bbox 671 2147 778 2218; x_wconf 89' lang='lat' dir='ltr'><strong><em>potest.</em></strong></span> <span class='ocrx_word' id='word_1_186' title='bbox 823 2137 867 2199; x_wconf 88' lang='lat' dir='ltr'><strong><em>Ne</em></strong></span> <span class='ocrx_word' id='word_1_187' title='bbox 888 2139 962 2202; x_wconf 90' lang='lat' dir='ltr'><strong><em>haec</em></strong></span> <span class='ocrx_word' id='word_1_188' title='bbox 979 2139 1138 2218; x_wconf 74' lang='lat' dir='ltr'><strong><em>quidembl</em></strong></span> 
     </span>
     <span class='ocr_line' id='line_1_24' title="bbox 90 2222 1091 2302; baseline -0.002 -20"><span class='ocrx_word' id='word_1_189' title='bbox 90 2223 180 2302; x_wconf 78' lang='lat' dir='ltr'><strong><em>vulgo</em></strong></span> <span class='ocrx_word' id='word_1_190' title='bbox 198 2223 275 2283; x_wconf 88' lang='lat' dir='ltr'><strong><em>dicta</em></strong></span> <span class='ocrx_word' id='word_1_191' title='bbox 291 2231 321 2282; x_wconf 84' lang='lat' dir='ltr'><strong><em>et</em></strong></span> <span class='ocrx_word' id='word_1_192' title='bbox 337 2231 459 2301; x_wconf 87' lang='lat' dir='ltr'><strong><em>recepta</em></strong></span> <span class='ocrx_word' id='word_1_193' title='bbox 474 2224 665 2301; x_wconf 88' lang='lat' dir='ltr'><strong><em>persuasione</em></strong></span> <span class='ocrx_word' id='word_1_194' title='bbox 680 2223 814 2302; x_wconf 85' lang='lat' dir='ltr'><strong><em>populari</em></strong></span> <span class='ocrx_word' id='word_1_195' title='bbox 830 2223 892 2282; x_wconf 89' lang='lat' dir='ltr'><strong><em>sine</em></strong></span> <span class='ocrx_word' id='word_1_196' title='bbox 907 2241 961 2282; x_wconf 90' lang='lat' dir='ltr'><strong><em>usu</em></strong></span> <span class='ocrx_word' id='word_1_197' title='bbox 976 2222 1091 2284; x_wconf 86' lang='lat' dir='ltr'><strong><em>inerint.</em></strong></span> 
     </span>
     <span class='ocr_line' id='line_1_25' title="bbox 90 2305 1093 2386; baseline 0 -19"><span class='ocrx_word' id='word_1_198' title='bbox 90 2305 266 2367; x_wconf 83' lang='lat' dir='ltr'><strong><em>Testimonia</em></strong></span> <span class='ocrx_word' id='word_1_199' title='bbox 279 2314 344 2364; x_wconf 88' lang='lat' dir='ltr'><strong><em>sunt</em></strong></span> <span class='ocrx_word' id='word_1_200' title='bbox 355 2307 431 2365; x_wconf 90' lang='lat' dir='ltr'><strong><em>enim</em></strong></span> <span class='ocrx_word' id='word_1_201' title='bbox 444 2306 653 2386; x_wconf 81' lang='lat' dir='ltr'><strong><em>quodammodo</em></strong></span> <span class='ocrx_word' id='word_1_202' title='bbox 665 2306 713 2366; x_wconf 86' lang='lat' dir='ltr'><strong><em>vel</em></strong></span> <span class='ocrx_word' id='word_1_203' title='bbox 725 2308 998 2384; x_wconf 81' lang='lat' dir='ltr'><strong><em>potentioraetiam,</em></strong></span> <span class='ocrx_word' id='word_1_204' title='bbox 1015 2307 1093 2383; x_wconf 83' lang='lat' dir='ltr'><strong><em>qnod</em></strong></span> 
     </span>
     <span class='ocr_line' id='line_1_26' title="bbox 90 2387 1093 2466; baseline -0.004 -16"><span class='ocrx_word' id='word_1_205' title='bbox 90 2407 149 2454; x_wconf 86' lang='lat' dir='ltr'><strong><em>non</em></strong></span> <span class='ocrx_word' id='word_1_206' title='bbox 172 2391 267 2449; x_wconf 87' lang='lat' dir='ltr'><strong><em>causis</em></strong></span> <span class='ocrx_word' id='word_1_207' title='bbox 285 2389 502 2449; x_wconf 87' lang='lat' dir='ltr'><strong><em>accommodata</em></strong></span> <span class='ocrx_word' id='word_1_208' title='bbox 525 2390 579 2450; x_wconf 91' lang='lat' dir='ltr'><strong><em>sed</em></strong></span> <span class='ocrx_word' id='word_1_209' title='bbox 599 2389 698 2449; x_wconf 88' lang='lat' dir='ltr'><strong><em>liberis</em></strong></span> <span class='ocrx_word' id='word_1_210' title='bbox 715 2390 782 2449; x_wconf 91' lang='lat' dir='ltr'><strong><em>odio</em></strong></span> <span class='ocrx_word' id='word_1_211' title='bbox 799 2398 828 2449; x_wconf 88' lang='lat' dir='ltr'><strong><em>et</em></strong></span> <span class='ocrx_word' id='word_1_212' title='bbox 845 2391 937 2466; x_wconf 81' lang='lat' dir='ltr'><strong><em>gratia</em></strong></span> <span class='ocrx_word' id='word_1_213' title='bbox 952 2387 1093 2448; x_wconf 88' lang='lat' dir='ltr'><strong><em>mentibus</em></strong></span> 
     </span>
     <span class='ocr_line' id='line_1_27' title="bbox 92 2471 1093 2551; baseline -0.003 -18"><span class='ocrx_word' id='word_1_214' title='bbox 92 2472 157 2534; x_wconf 89' lang='lat' dir='ltr'><strong><em>ideo</em></strong></span> <span class='ocrx_word' id='word_1_215' title='bbox 174 2481 281 2533; x_wconf 87' lang='lat' dir='ltr'><strong><em>tantum</em></strong></span> <span class='ocrx_word' id='word_1_216' title='bbox 297 2471 374 2532; x_wconf 89' lang='lat' dir='ltr'><strong><em>dicta</em></strong></span> <span class='ocrx_word' id='word_1_217' title='bbox 389 2473 541 2551; x_wconf 82' lang='lat' dir='ltr'><strong><em>iactaque,</em></strong></span> <span class='ocrx_word' id='word_1_218' title='bbox 565 2473 631 2551; x_wconf 87' lang='lat' dir='ltr'><strong><em>quia</em></strong></span> <span class='ocrx_word' id='word_1_219' title='bbox 653 2481 700 2532; x_wconf 89' lang='lat' dir='ltr'><strong><em>aut</em></strong></span> <span class='ocrx_word' id='word_1_220' title='bbox 717 2473 921 2532; x_wconf 83' lang='lat' dir='ltr'><strong><em>honestissima</em></strong></span> <span class='ocrx_word' id='word_1_221' title='bbox 936 2480 986 2532; x_wconf 90' lang='lat' dir='ltr'><strong><em>aut</em></strong></span> <span class='ocrx_word' id='word_1_222' title='bbox 1002 2473 1093 2531; x_wconf 85' lang='lat' dir='ltr'><strong><em>veris-</em></strong></span> 
     </span>
     <span class='ocr_line' id='line_1_28' title="bbox 91 2554 1137 2622; baseline -0.003 -6"><span class='ocrx_word' id='word_1_223' title='bbox 91 2558 161 2616; x_wconf 85' lang='lat' dir='ltr'><strong><em>sima</em></strong></span> <span class='ocrx_word' id='word_1_224' title='bbox 178 2554 358 2616; x_wconf 80' lang='lat' dir='ltr'><strong><em>videbantur.</em></strong></span> <span class='ocrx_word' id='word_1_225' title='bbox 390 2555 436 2616; x_wconf 80' lang='lat' dir='ltr'><strong><em>An</em></strong></span> <span class='ocrx_word' id='word_1_226' title='bbox 450 2573 523 2616; x_wconf 87' lang='lat' dir='ltr'><strong><em>vero</em></strong></span> <span class='ocrx_word' id='word_1_227' title='bbox 540 2572 586 2614; x_wconf 88' lang='lat' dir='ltr'><strong><em>me</em></strong></span> <span class='ocrx_word' id='word_1_228' title='bbox 602 2556 639 2615; x_wconf 89' lang='lat' dir='ltr'><strong><em>de</em></strong></span> <span class='ocrx_word' id='word_1_229' title='bbox 654 2555 841 2616; x_wconf 82' lang='lat' dir='ltr'><strong><em>incommodis</em></strong></span> <span class='ocrx_word' id='word_1_230' title='bbox 856 2556 933 2615; x_wconf 84' lang='lat' dir='ltr'><strong><em>vitae</em></strong></span> <span class='ocrx_word' id='word_1_231' title='bbox 949 2555 1137 2622; x_wconf 76' lang='lat' dir='ltr'><strong><em>dissensu-38</em></strong></span> 
     </span>
     <span class='ocr_line' id='line_1_29' title="bbox 91 2637 1093 2718; baseline -0.003 -18"><span class='ocrx_word' id='word_1_232' title='bbox 91 2651 149 2700; x_wconf 88' lang='lat' dir='ltr'><strong><em>tem</em></strong></span> <span class='ocrx_word' id='word_1_233' title='bbox 169 2655 226 2700; x_wconf 89' lang='lat' dir='ltr'><strong><em>non</em></strong></span> <span class='ocrx_word' id='word_1_234' title='bbox 249 2638 394 2699; x_wconf 86' lang='lat' dir='ltr'><strong><em>adiuvabit</em></strong></span> <span class='ocrx_word' id='word_1_235' title='bbox 416 2657 514 2699; x_wconf 89' lang='lat' dir='ltr'><strong><em>carum</em></strong></span> <span class='ocrx_word' id='word_1_236' title='bbox 532 2639 685 2718; x_wconf 82' lang='lat' dir='ltr'><strong><em>persuasio</em></strong></span> <span class='ocrx_word' id='word_1_237' title='bbox 704 2641 863 2714; x_wconf 85' lang='lat' dir='ltr'><strong><em>nationum,</em></strong></span> <span class='ocrx_word' id='word_1_238' title='bbox 887 2656 962 2716; x_wconf 87' lang='lat' dir='ltr'><strong><em>quae</em></strong></span> <span class='ocrx_word' id='word_1_239' title='bbox 978 2637 1093 2698; x_wconf 85' lang='lat' dir='ltr'><strong><em>lletibus</em></strong></span> 
     </span>
     <span class='ocr_line' id='line_1_30' title="bbox 90 2719 1093 2802; baseline 0 -21"><span class='ocrx_word' id='word_1_240' title='bbox 90 2733 190 2784; x_wconf 84' lang='lat' dir='ltr'><strong><em>natos.</em></strong></span> <span class='ocrx_word' id='word_1_241' title='bbox 221 2722 330 2784; x_wconf 79' lang='lat' dir='ltr'><strong><em>laetitia</em></strong></span> <span class='ocrx_word' id='word_1_242' title='bbox 351 2721 504 2782; x_wconf 76' lang='lat' dir='ltr'><strong><em>defunctos</em></strong></span> <span class='ocrx_word' id='word_1_243' title='bbox 527 2719 762 2802; x_wconf 84' lang='lat' dir='ltr'><strong><em>prosequuntur?</em></strong></span> <span class='ocrx_word' id='word_1_244' title='bbox 804 2720 908 2782; x_wconf 81' lang='lat' dir='ltr'><strong><em>Antei</em></strong></span> <span class='ocrx_word' id='word_1_245' title='bbox 930 2722 1093 2782; x_wconf 89' lang='lat' dir='ltr'><strong><em>misericor-</em></strong></span> 
     </span>
     <span class='ocr_line' id='line_1_31' title="bbox 90 2804 1094 2886; baseline -0.002 -18"><span class='ocrx_word' id='word_1_246' title='bbox 90 2809 165 2869; x_wconf 89' lang='lat' dir='ltr'><strong><em>dmm</em></strong></span> <span class='ocrx_word' id='word_1_247' title='bbox 181 2805 389 2868; x_wconf 77' lang='lat' dir='ltr'><strong><em>commendabo</em></strong></span> <span class='ocrx_word' id='word_1_248' title='bbox 404 2806 507 2884; x_wconf 85' lang='lat' dir='ltr'><strong><em>iudici,</em></strong></span> <span class='ocrx_word' id='word_1_249' title='bbox 531 2806 600 2866; x_wconf 89' lang='lat' dir='ltr'><strong><em>nihil</em></strong></span> <span class='ocrx_word' id='word_1_250' title='bbox 616 2806 761 2886; x_wconf 86' lang='lat' dir='ltr'><strong><em>proderit,</em></strong></span> <span class='ocrx_word' id='word_1_251' title='bbox 781 2804 858 2884; x_wconf 86' lang='lat' dir='ltr'><strong><em>quod</em></strong></span> <span class='ocrx_word' id='word_1_252' title='bbox 873 2804 1094 2884; x_wconf 84' lang='lat' dir='ltr'><strong><em>prudentissima</em></strong></span> 
     </span>
     <span class='ocr_line' id='line_1_32' title="bbox 92 2889 1093 2969; baseline -0.001 -17"><span class='ocrx_word' id='word_1_253' title='bbox 92 2893 192 2953; x_wconf 87' lang='lat' dir='ltr'><strong><em>civitas</em></strong></span> <span class='ocrx_word' id='word_1_254' title='bbox 209 2891 427 2953; x_wconf 81' lang='lat' dir='ltr'><strong><em>Atheniensium</em></strong></span> <span class='ocrx_word' id='word_1_255' title='bbox 442 2905 499 2950; x_wconf 89' lang='lat' dir='ltr'><strong><em>non</em></strong></span> <span class='ocrx_word' id='word_1_256' title='bbox 515 2907 578 2950; x_wconf 88' lang='lat' dir='ltr'><strong><em>earn</em></strong></span> <span class='ocrx_word' id='word_1_257' title='bbox 594 2905 648 2969; x_wconf 89' lang='lat' dir='ltr'><strong><em>pro</em></strong></span> <span class='ocrx_word' id='word_1_258' title='bbox 664 2889 769 2950; x_wconf 81' lang='lat' dir='ltr'><strong><em>affectu</em></strong></span> <span class='ocrx_word' id='word_1_259' title='bbox 784 2889 836 2949; x_wconf 87' lang='lat' dir='ltr'><strong><em>sed</em></strong></span> <span class='ocrx_word' id='word_1_260' title='bbox 852 2905 905 2967; x_wconf 91' lang='lat' dir='ltr'><strong><em>pro</em></strong></span> <span class='ocrx_word' id='word_1_261' title='bbox 921 2891 1034 2949; x_wconf 87' lang='lat' dir='ltr'><strong><em>numine</em></strong></span> <span class='ocrx_word' id='word_1_262' title='bbox 1046 2907 1093 2951; x_wconf 89' lang='lat' dir='ltr'><strong><em>ac·</em></strong></span> 
     </span>
     <span class='ocr_line' id='line_1_33' title="bbox 91 2973 1136 3054; baseline 0.003 -19"><span class='ocrx_word' id='word_1_263' title='bbox 91 2973 191 3053; x_wconf 77' lang='lat' dir='ltr'><strong><em>oepit?</em></strong></span> <span class='ocrx_word' id='word_1_264' title='bbox 218 2975 278 3036; x_wconf 90' lang='lat' dir='ltr'><strong><em>Iam</em></strong></span> <span class='ocrx_word' id='word_1_265' title='bbox 293 2974 343 3036; x_wconf 89' lang='lat' dir='ltr'><strong><em>iila</em></strong></span> <span class='ocrx_word' id='word_1_266' title='bbox 358 2984 472 3054; x_wconf 87' lang='lat' dir='ltr'><strong><em>septem</em></strong></span> <span class='ocrx_word' id='word_1_267' title='bbox 488 2981 648 3053; x_wconf 86' lang='lat' dir='ltr'><strong><em>praecepta</em></strong></span> <span class='ocrx_word' id='word_1_268' title='bbox 664 2974 834 3052; x_wconf 88' lang='lat' dir='ltr'><strong><em>sapientium</em></strong></span> <span class='ocrx_word' id='word_1_269' title='bbox 850 2988 945 3033; x_wconf 90' lang='lat' dir='ltr'><strong><em>nonne</em></strong></span> <span class='ocrx_word' id='word_1_270' title='bbox 957 2974 1094 3052; x_wconf 84' lang='lat' dir='ltr'><strong><em>quasdam</em></strong></span> <span class='ocrx_word' id='word_1_271' title='bbox 1101 2984 1136 3040; x_wconf 83' lang='grc'><strong><em>39</em></strong></span> 
     </span>
     <span class='ocr_line' id='line_1_34' title="bbox 91 3055 1093 3136; baseline -0.003 -18"><span class='ocrx_word' id='word_1_272' title='bbox 91 3060 169 3118; x_wconf 88' lang='lat' dir='ltr'><strong><em>vitae</em></strong></span> <span class='ocrx_word' id='word_1_273' title='bbox 186 3059 269 3136; x_wconf 83' lang='lat' dir='ltr'><strong><em>leges</em></strong></span> <span class='ocrx_word' id='word_1_274' title='bbox 288 3055 503 3120; x_wconf 81' lang='lat' dir='ltr'><strong><em>existimamus?</em></strong></span> <span class='ocrx_word' id='word_1_275' title='bbox 527 3059 558 3120; x_wconf 88' lang='lat' dir='ltr'><strong><em>Si</em></strong></span> <span class='ocrx_word' id='word_1_276' title='bbox 575 3076 690 3119; x_wconf 87' lang='lat' dir='ltr'><strong><em>causam</em></strong></span> <span class='ocrx_word' id='word_1_277' title='bbox 706 3057 840 3118; x_wconf 78' lang='lat' dir='ltr'><strong><em>venalicii</em></strong></span> <span class='ocrx_word' id='word_1_278' title='bbox 855 3057 933 3117; x_wconf 86' lang='lat' dir='ltr'><strong><em>dicat</em></strong></span> <span class='ocrx_word' id='word_1_279' title='bbox 945 3056 1093 3117; x_wconf 84' lang='lat' dir='ltr'><strong><em>adultera:</em></strong></span> 
     </span>
     <span class='ocr_line' id='line_1_35' title="bbox 90 3137 1094 3218; baseline -0.005 -16"><span class='ocrx_word' id='word_1_280' title='bbox 90 3157 149 3202; x_wconf 89' lang='lat' dir='ltr'><strong><em>non</em></strong></span> <span class='ocrx_word' id='word_1_281' title='bbox 169 3140 207 3201; x_wconf 87' lang='lat' dir='ltr'><strong><em>bi.</em></strong></span> <span class='ocrx_word' id='word_1_282' title='bbox 228 3140 346 3201; x_wconf 81' lang='lat' dir='ltr'><strong><em>catonis</em></strong></span> <span class='ocrx_word' id='word_1_283' title='bbox 368 3144 473 3203; x_wconf 88' lang='lat' dir='ltr'><strong><em>iudicio</em></strong></span> <span class='ocrx_word' id='word_1_284' title='bbox 497 3145 627 3204; x_wconf 87' lang='lat' dir='ltr'><strong><em>damnata</em></strong></span> <span class='ocrx_word' id='word_1_285' title='bbox 647 3141 795 3217; x_wconf 87' lang='lat' dir='ltr'><strong><em>videatur,</em></strong></span> <span class='ocrx_word' id='word_1_286' title='bbox 825 3141 873 3218; x_wconf 86' lang='lat' dir='ltr'><strong><em>qni</em></strong></span> <span class='ocrx_word' id='word_1_287' title='bbox 893 3138 1000 3199; x_wconf 88' lang='lat' dir='ltr'><strong><em>nullam</em></strong></span> <span class='ocrx_word' id='word_1_288' title='bbox 1015 3137 1094 3198; x_wconf 90' lang='lat' dir='ltr'><strong><em>adul·</em></strong></span> 
     </span>
     <span class='ocr_line' id='line_1_36' title="bbox 91 3221 1094 3299; baseline -0.007 -12"><span class='ocrx_word' id='word_1_289' title='bbox 91 3236 184 3287; x_wconf 88' lang='lat' dir='ltr'><strong><em>teram</em></strong></span> <span class='ocrx_word' id='word_1_290' title='bbox 204 3241 262 3284; x_wconf 93' lang='lat' dir='ltr'><strong><em>non</em></strong></span> <span class='ocrx_word' id='word_1_291' title='bbox 279 3226 398 3285; x_wconf 87' lang='lat' dir='ltr'><strong><em>eandem</em></strong></span> <span class='ocrx_word' id='word_1_292' title='bbox 415 3243 481 3286; x_wconf 87' lang='lat' dir='ltr'><strong><em>csse</em></strong></span> <span class='ocrx_word' id='word_1_293' title='bbox 496 3227 657 3288; x_wconf 82' lang='lat' dir='ltr'><strong><em>veneficam</em></strong></span> <span class='ocrx_word' id='word_1_294' title='bbox 672 3223 764 3287; x_wconf 77' lang='lat' dir='ltr'><strong><em>dixit?</em></strong></span> <span class='ocrx_word' id='word_1_295' title='bbox 792 3222 851 3284; x_wconf 90' lang='lat' dir='ltr'><strong><em>lam</em></strong></span> <span class='ocrx_word' id='word_1_296' title='bbox 867 3223 1017 3282; x_wconf 82' lang='lat' dir='ltr'><strong><em>sententiis</em></strong></span> <span class='ocrx_word' id='word_1_297' title='bbox 1033 3221 1094 3299; x_wconf 86' lang='lat' dir='ltr'><strong><em>qni-</em></strong></span> 
     </span>
     <span class='ocr_line' id='line_1_37' title="bbox 91 3303 1095 3388; baseline -0.007 -16"><span class='ocrx_word' id='word_1_298' title='bbox 91 3311 158 3372; x_wconf 90' lang='lat' dir='ltr'><strong><em>dem</em></strong></span> <span class='ocrx_word' id='word_1_299' title='bbox 179 3317 331 3388; x_wconf 90' lang='lat' dir='ltr'><strong><em>poetarum</em></strong></span> <span class='ocrx_word' id='word_1_300' title='bbox 351 3325 409 3368; x_wconf 88' lang='lat' dir='ltr'><strong><em>uon</em></strong></span> <span class='ocrx_word' id='word_1_301' title='bbox 429 3311 574 3370; x_wconf 84' lang='lat' dir='ltr'><strong><em>crationes</em></strong></span> <span class='ocrx_word' id='word_1_302' title='bbox 597 3310 683 3370; x_wconf 93' lang='lat' dir='ltr'><strong><em>modo</em></strong></span> <span class='ocrx_word' id='word_1_303' title='bbox 711 3316 775 3370; x_wconf 89' lang='lat' dir='ltr'><strong><em>sunt</em></strong></span> <span class='ocrx_word' id='word_1_304' title='bbox 800 3305 927 3366; x_wconf 81' lang='lat' dir='ltr'><strong><em>refertae</em></strong></span> <span class='ocrx_word' id='word_1_305' title='bbox 950 3304 1003 3366; x_wconf 90' lang='lat' dir='ltr'><strong><em>sed</em></strong></span> <span class='ocrx_word' id='word_1_306' title='bbox 1029 3303 1095 3365; x_wconf 90' lang='lat' dir='ltr'><strong><em>libri</em></strong></span> 
     </span>
     <span class='ocr_line' id='line_1_38' title="bbox 92 3390 1094 3473; baseline -0.007 -18"><span class='ocrx_word' id='word_1_307' title='bbox 92 3395 178 3456; x_wconf 85' lang='lat' dir='ltr'><strong><em>etiarn</em></strong></span> <span class='ocrx_word' id='word_1_308' title='bbox 196 3391 455 3472; x_wconf 82' lang='lat' dir='ltr'><strong><em>pbilosophorum,</em></strong></span> <span class='ocrx_word' id='word_1_309' title='bbox 484 3394 531 3471; x_wconf 86' lang='lat' dir='ltr'><strong><em>qni</em></strong></span> <span class='ocrx_word' id='word_1_310' title='bbox 553 3403 715 3473; x_wconf 84' lang='lat' dir='ltr'><strong><em>quanquam</em></strong></span> <span class='ocrx_word' id='word_1_311' title='bbox 735 3390 873 3452; x_wconf 76' lang='lat' dir='ltr'><strong><em>inferiora</em></strong></span> <span class='ocrx_word' id='word_1_312' title='bbox 895 3391 989 3450; x_wconf 88' lang='lat' dir='ltr'><strong><em>omnia</em></strong></span> <span class='ocrx_word' id='word_1_313' title='bbox 1010 3405 1094 3467; x_wconf 88' lang='lat' dir='ltr'><strong><em>prac-</em></strong></span> 
     </span>
     <span class='ocr_line' id='line_1_39' title="bbox 92 3473 1094 3618; baseline -0.006 -79"><span class='ocrx_word' id='word_1_314' title='bbox 92 3480 186 3558; x_wconf 84' lang='lat' dir='ltr'><strong><em>ceptis</em></strong></span> <span class='ocrx_word' id='word_1_315' title='bbox 203 3478 263 3538; x_wconf 88' lang='lat' dir='ltr'><strong><em>suis</em></strong></span> <span class='ocrx_word' id='word_1_316' title='bbox 279 3490 314 3537; x_wconf 87' lang='lat' dir='ltr'><strong><em>ac</em></strong></span> <span class='ocrx_word' id='word_1_317' title='bbox 329 3477 433 3538; x_wconf 87' lang='lat' dir='ltr'><strong><em>litteris</em></strong></span> <span class='ocrx_word' id='word_1_318' title='bbox 449 3477 583 3555; x_wconf 86' lang='lat' dir='ltr'><strong><em>credunt,</em></strong></span> <span class='ocrx_word' id='word_1_319' title='bbox 602 3487 739 3557; x_wconf 80' lang='lat' dir='ltr'><strong><em>repetere</em></strong></span> <span class='ocrx_word' id='word_1_320' title='bbox 755 3483 849 3536; x_wconf 83' lang='lat' dir='ltr'><strong><em>tamen</em></strong></span> <span class='ocrx_word' id='word_1_321' title='bbox 864 3473 1094 3618; x_wconf 61' lang='lat' dir='ltr'><strong><em>apgtpritatema</em></strong></span> 
     </span>
    </p>
   </div>
   <div class='ocr_carea' id='block_1_5' title="bbox 1256 3515 1285 3688">
    <p class='ocr_par' dir='ltr' id='par_1_7' title="bbox 1256 3515 1285 3688">
     <span class='ocr_line' id='line_1_40' title="bbox 1256 3515 1285 3688; baseline 0 0"><span class='ocrx_word' id='word_1_322' title='bbox 1256 3515 1285 3688; x_wconf 83' lang='lat' dir='ltr'><strong><em>i</em></strong></span> 
     </span>
    </p>
   </div>
   <div class='ocr_carea' id='block_1_6' title="bbox 0 0 1303 3940">
    <p class='ocr_par' dir='ltr' id='par_1_8' title="bbox 0 0 1303 3940">
     <span class='ocr_line' id='line_1_41' title="bbox 0 0 1303 3940; baseline 0 0"><span class='ocrx_word' id='word_1_323' title='bbox 0 0 1303 3940; x_wconf 95' lang='lat' dir='ltr'><strong><em> </em></strong></span> 
     </span>
    </p>
   </div>
  </div>
 </body>
</html>
