2570 3946
359 196 457 264 'men
474 213 624 264 onrnon
642 212 814 277 orn.11,1.
1053 200 1094 286 59

84 370 175 453 plinio
198 370 295 432 debita
316 371 346 430 in
364 369 469 432 solrola
493 370 610 430 minore
621 368 753 430 subsidat
769 387 805 430 ao
827 368 996 432 rhetoricen
1017 369 1094 450 apud

83 456 292 534 grammatioos
321 463 471 516 exaroeat.
515 454 575 530 lta,
604 452 682 532 quod
711 461 757 514 est
784 453 909 514 martine
929 454 1092 532 ridiouluru,

83 557 145 602 non
161 548 228 601 ante
255 539 293 601 ad
309 538 491 600 daoleurandi
507 539 676 616 magistron
697 537 851 599 mittendas
868 538 1001 602 videatur
1020 557 1095 618 puer

84 642 172 704 quam
194 623 360 686 declamare
382 618 466 684 solat.
509 621 571 682 llos
594 639 678 686 suum
699 621 804 700 eoique
831 622 1010 700 professioni
1031 632 1121 686 ore-t

83 709 153 770 dnm
174 708 286 769 demus.
330 706 369 768 m
390 707 578 786 mannulos
596 706 698 785 (quam
719 707 749 766 in
763 703 894 768 Latinum
916 707 1093 770 transferen-

82 802 131 854 tes
153 793 360 859 litteraturam
387 791 588 871 vooarerunt)
616 790 689 850 lines
713 792 898 868 tumuerit,
922 793 1094 872 praesertim

83 886 195 938 tantum
214 875 251 936 alt
277 875 333 938 hae
360 874 568 956 appellationis
595 891 667 936 suae
696 883 887 954 paupertate,
912 877 986 938 intra
1009 894 1095 956 quatu

82 962 171 1042 primi
191 960 235 1022 illi
256 961 433 1036 constitere,
457 967 614 1039 proveeta;
638 977 703 1020 nam
724 960 819 1020 tenuis
842 960 961 1024 alonte
984 979 1093 1022 assum-

82 1046 143 1126 ptis
165 1045 370 1107 historieorum
392 1045 616 1123 oritioorumque
639 1043 749 1104 viritas
772 1045 862 1124 pleno
878 1045 934 1106 iam
958 1047 1030 1106 satia
1052 1045 1093 1108 al-

81 1146 142 1190 veo
164 1130 242 1206 lluit,
266 1147 330 1190 oum
345 1138 465 1209 praeter
486 1131 628 1190 rationem
649 1136 733 1189 reete
755 1128 894 1207 loquendi
915 1147 974 1192 uon
992 1129 1093 1209 parum

84 1215 195 1295 alioqui
215 1215 369 1292 eopiosam
397 1230 492 1294 propo
515 1213 639 1274 omnium
661 1212 848 1274 maximarum
874 1215 977 1274 artium
998 1214 1092 1274 seiam

83 1299 153 1360 tiam
170 1297 305 1378 amplexa
321 1299 374 1367 sit;
397 1307 426 1358 et
446 1298 606 1373 rhetorum,
624 1296 671 1357 oui
687 1313 794 1358 nomen
807 1297 851 1356 vis
860 1296 1027 1376 eloquendi
1042 1297 1119 1362 dee

84 1381 141 1458 dit,
171 1381 271 1443 oilieia
292 1399 346 1442 sua
367 1399 427 1442 noo
442 1379 588 1444 detrectet
608 1399 665 1442 nee
693 1382 833 1460 oeeupari
853 1382 982 1460 pudeat
1002 1382 1091 1460 perti·
1119 1381 1120 1384 ’

83 1474 202 1527 nentem
226 1464 262 1526 ad
278 1484 314 1525 se
329 1465 477 1541 laborem,
500 1483 593 1544 quae,
616 1464 683 1526 dum
703 1483 796 1544 opere
816 1467 904 1543 eadit,
926 1467 984 1527 iam
997 1483 1093 1544 paene

83 1550 278 1631 possessione
300 1548 425 1628 depulsa
442 1559 496 1609 est.
541 1549 645 1628 Neque
664 1548 819 1623 infitiabor,
843 1549 970 1630 alitprem
982 1567 1022 1612 ex
1045 1551 1121 1625 stes

85 1636 134 1715 qui
156 1635 364 1713 grammatioen
388 1633 594 1712 profiteantur,
623 1650 755 1713 eousque
783 1635 925 1698 seleutius
953 1634 1093 1714 progredi

83 1737 193 1800 posse,
221 1726 253 1785 ut
275 1717 311 1780 ad
332 1718 408 1778 leaeo
428 1735 547 1798 quoque
567 1717 708 1779 tradenda
729 1718 870 1788 euldoiat;
900 1719 953 1780 sed
977 1738 1042 1780 oum
1062 1718 1092 1778 id

86 1812 170 1882 aget,
193 1800 320 1862 rhetoris
343 1803 442 1863 ollloio
465 1803 602 1880 fungetur
623 1819 681 1862 non
703 1819 768 1862 suo.

170 1885 233 1946 llos
250 1902 340 1964 porro
358 1887 533 1964 quaerimus,
550 1885 664 1965 quarmo
677 1886 731 1962 iis,
748 1904 824 1964 quae
839 1887 987 1946 rhetorice
1007 1894 1118 1965 prae-l

87 1971 174 2050 cipit,
198 1968 395 2051 percipiendis
412 1987 486 2048 puer
502 1978 629 2030 maturus
647 1987 716 2030 esse
732 1969 874 2030 videatur.
906 1967 939 2030 ln
956 1987 1014 2050 quo
1030 1971 1092 2048 qoi-

87 2057 151 2118 tem
173 2053 527 2130 morinummontem,
562 2054 643 2115 nulus
672 2053 796 2134 quiaque
824 2054 863 2113 ait
888 2055 1010 2131 aetatis,
1039 2055 1092 2115 sed

87 2145 221 2220 quantum
243 2139 272 2198 in
292 2138 394 2199 studiis
416 2139 472 2199 iata
496 2138 638 2200 ellaoerit.
683 2135 721 2198 Et
742 2156 780 2198 ne
807 2137 912 2199 diutius
935 2138 1090 2208 disseram

86 2223 200 2304 quando
223 2223 261 2283 sit
281 2221 393 2284 rhetori
413 2222 581 2299 tradendus,
604 2223 648 2283 sie
669 2223 779 2301 optione
796 2222 870 2283 deiri
892 2223 998 2301 oredo,
1022 2241 1092 2286 mam

83 2311 206 2388 potesta.
250 2306 311 2369 Sed
333 2307 391 2368 lroo
410 2307 505 2386 ipsum
532 2325 571 2367 ex
597 2308 753 2385 superiore
775 2307 887 2386 perdet
909 2309 1121 2386 quaestiones

85 2391 158 2452 llam
180 2391 206 2450 ai
283 2393 432 2452 rmnrtloes
449 2408 551 2450 munus
568 2407 662 2469 uque
684 2391 721 2451 od
735 2392 885 2452 suasorias
903 2400 1091 2469 prorogatum,

86 2473 196 2538 tardius
217 2491 233 2532 r
254 2482 337 2534 atore
360 2491 433 2552 opus
452 2484 507 2534 est.
553 2474 592 2533 At
609 2476 634 2533 si
653 2474 755 2535 rlretor
773 2477 865 2553 prinus
876 2475 976 2536 trilieia
993 2474 1092 2553 operis

87 2560 131 2620 sui
151 2573 210 2618 non
232 2555 368 2632 recusat,
392 2575 409 2618 a
427 2557 640 2630 narrationibus
657 2559 754 2618 statim
774 2567 805 2617 et
821 2557 957 2618 laudandi
977 2559 1091 2636 vlup&

86 2643 226 2722 randique
243 2639 395 2721 opereulis
411 2658 480 2701 eura
495 2642 557 2700 eius
577 2640 768 2703 desideratur.
799 2641 846 2700 An
860 2642 1028 2718 ignoremus
1043 2651 1120 2706 ant

86 2729 173 2806 tiqois
195 2724 255 2786 lroo
282 2726 374 2786 misse
397 2725 433 2786 ad
456 2724 617 2802 augendam
644 2723 840 2802 eloquentiam
862 2743 956 2802 genus
979 2726 1091 2786 exerei-
1147 2763 1149 2768 -

86 2812 219 2888 tationis,
241 2819 272 2870 ut
293 2807 394 2870 theses
417 2809 549 2870 dieereot
573 2817 604 2869 et
632 2825 798 2870 communes
827 2809 912 2870 lenos
941 2818 971 2870 et
992 2819 1092 2871 eetara

87 2897 158 2956 eitra
173 2893 357 2974 eomplexum
374 2911 471 2954 rerura
485 2909 744 2972 personarumque,
764 2893 867 2972 quibus
884 2911 976 2954 verae
992 2894 1092 2956 iotae-

88 2997 144 3057 que
167 2980 387 3040 controversiae
409 2974 612 3038 eontinentur?
655 2975 701 3037 lix
725 2994 783 3057 quo
807 2978 982 3058 palamst,
1008 2994 1093 3058 quam

88 3064 211 3142 turpiter
232 3061 350 3124 deserat
370 3079 436 3124 eam
457 3070 571 3142 partem
593 3061 757 3122 rlretoriees
777 3063 930 3140 instituio,
955 3079 1041 3142 quam
1063 3069 1093 3120 et

88 3146 209 3224 primam
229 3144 329 3206 habuit
351 3155 381 3206 et
401 3146 450 3206 diu
472 3146 575 3206 solam.
622 3144 696 3220 Quid
725 3155 820 3208 autem
848 3155 895 3208 est
917 3164 955 3206 ex
977 3146 1029 3220 iis,
1056 3142 1093 3202 de
1101 3154 1135 3206 10

88 3229 190 3308 quihus
217 3230 401 3311 supradixi,
427 3230 506 3308 quod
528 3245 587 3289 non
609 3247 674 3291 eum
694 3230 723 3290 in
745 3231 813 3307 ulia,
837 3248 912 3311 quae
935 3237 1002 3288 sunt
1023 3243 1090 3306 pro·

87 3314 149 3392 pria
170 3311 336 3389 rhetorum,
363 3322 423 3372 tam
445 3322 527 3374 eante
549 3315 578 3373 in
605 3313 678 3376 illud
705 3314 841 3382 iudieiale
867 3329 976 3374 eaesae
998 3328 1091 3390 penus

87 3394 213 3460 ineidat?
256 3396 303 3458 An
322 3411 380 3459 non
399 3398 429 3455 in
449 3397 516 3457 loro
536 3397 708 3459 narrandum
730 3395 797 3458 esti
812 3413 869 3476 qua
888 3399 917 3456 in
940 3404 1024 3476 parte
1040 3411 1090 3456 oe-

90 3483 152 3544 seio
173 3499 211 3544 an
232 3483 269 3543 ait
292 3481 341 3544 vel
362 3480 525 3560 plurimum.
570 3481 636 3542 llou
657 3481 720 3542 laus
744 3499 780 3542 ae
799 3481 976 3561 vituperatio
998 3488 1132 3542 emta-11
