2592 3940
365 147 373 168 ²
434 177 860 254 msu.cnnncn.n1n.v,t.
1088 172 1149 236 197

141 343 324 422 poenitentia
342 348 388 402 est
403 347 433 400 et
447 339 620 418 promissum
638 336 804 415 suspectius
821 345 865 414 et,
881 337 906 397 si
921 339 1148 418 perseverarint,

142 425 337 505 reprehensio
352 423 477 485 facilior.

227 509 441 584 mommsen,
462 506 594 586 quibus
617 507 870 584 denuntiatur,
892 526 960 587 pars
976 507 1091 568 testium
1106 517 1191 576 est15

141 611 219 672 quae
237 611 319 654 reum
334 592 454 653 laedere
469 590 560 666 velit,
581 608 649 670 pars
665 607 740 670 quae
755 591 843 668 nolit,
862 592 951 670 idque
966 593 1079 651 interim
1093 593 1149 653 scit

141 685 301 738 accusator
322 676 437 756 interim
459 676 563 735 nescit.
598 672 752 752 Fingamus
773 675 803 735 in
821 676 988 754 praesentia
1004 675 1096 746 scire;
1119 677 1148 736 in
1230 715 1231 718 =

141 769 269 839 utroque
289 767 385 820 tamen
399 776 512 837 genere
527 759 642 818 summis
659 757 766 818 artibus
781 760 986 838 interrogantis
1002 775 1075 838 opus
1091 768 1146 820 est.

140 841 215 906 Nam
237 846 263 904 si
281 841 370 904 habet
389 851 496 904 testem
517 841 651 920 cupidum
671 841 822 919 laedendi,
854 862 959 904 cavere
981 843 1069 904 dehet
1090 842 1148 904 loc
1157 855 1191 912 16

140 928 251 1006 ipsum,
274 945 312 988 ne
333 926 475 1006 cupiditas
499 926 561 986 eins
583 935 737 1004 appareat;
758 919 922 988 nec'statim
937 927 973 988 de
991 944 1043 1003 eo,
1069 927 1148 1006 quod

140 1012 171 1090 in
190 1010 325 1070 iudicium
345 1011 442 1086 venit,
457 1012 593 1088 rogare,
616 1009 669 1070 sed
690 1010 788 1088 aliquo
810 1011 930 1071 circuitu
946 1010 982 1072 ad
997 1011 1025 1072 id
1041 1029 1146 1090 perve-

140 1095 221 1172 nire,
245 1102 277 1154 ut
291 1093 350 1171 illi,
375 1093 453 1173 quod
473 1093 596 1155 maxime
618 1093 718 1156 dicere
738 1094 849 1168 voluit,
870 1094 1003 1154 videatur
1025 1112 1147 1174 expres-

140 1195 213 1246 sum;
229 1196 285 1237 nec
296 1179 412 1240 nimium
421 1179 530 1238 instare
541 1177 773 1253 interrogationi,
788 1195 825 1236 ne
838 1179 930 1238 omnia
940 1178 1146 1255 respondendo

140 1263 225 1322 testis
241 1261 326 1322 fidem
341 1280 421 1322 suam
437 1262 559 1328 minuat;
583 1260 679 1320 sedin
695 1268 802 1320 tantum
818 1277 944 1322 evocare
962 1279 1042 1337 eum,
1059 1279 1146 1339 quan-

140 1354 201 1405 tum
223 1363 337 1406 sumere
360 1363 398 1404 ex
419 1361 476 1404 nno
503 1342 573 1404 satis
593 1345 638 1404 sit.
676 1342 715 1403 At
734 1344 763 1404 in
785 1361 836 1420 eo,
860 1347 909 1423 qui
926 1362 1027 1404 vemm
1043 1345 1146 1404 invitus
1156 1343 1189 1398 17

141 1429 271 1489 dicturus
293 1436 355 1504 est,
379 1429 470 1505 prima
490 1427 615 1488 lelicitas
630 1429 834 1505 interrogantis
851 1437 1045 1508 extorquere,
1070 1428 1148 1508 quod

142 1512 168 1570 is
189 1512 325 1572 noluerit.
359 1509 424 1571 Hoc
445 1528 511 1572 uon.
525 1510 582 1571 alio
603 1511 689 1572 modo
711 1511 774 1572 fieri
792 1521 905 1591 potest,
929 1529 1013 1592 quam
1031 1512 1147 1590 longius

140 1596 370 1672 interrogatione
387 1597 521 1674 repetita.
545 1593 746 1673 Respondebit
761 1597 850 1672 enim,
868 1614 942 1676 quae
957 1613 1066 1655 nocere
1080 1615 1146 1657 cau·

141 1695 193 1739 sae
217 1694 274 1738 non
298 1677 498 1748 arbitrabitnr3
528 1697 565 1738 ex
588 1678 720 1756 pluribus
742 1679 865 1756 deinde,
895 1697 970 1759 quae
993 1677 1146 1739 consessus

142 1763 212 1840 erit,
239 1779 275 1822 eo
293 1763 486 1844 perducetur,
511 1770 558 1838 ut,
583 1761 661 1841 quod
676 1763 775 1823 dicere
791 1780 848 1822 uon
863 1762 941 1838 vult,
964 1779 1073 1839 negare
1089 1779 1147 1822 non

141 1847 244 1925 possit.
266 1844 356 1922 Nam,
379 1855 409 1904 ut
424 1847 453 1904 in
468 1846 600 1906 oratione
617 1863 718 1923 sparsa
733 1845 905 1924 plerumque
921 1845 1085 1923 colligimus
1102 1865 1145 1906 ar·
1155 1855 1189 1910 18

140 1938 294 2008 gumenta,
320 1946 395 2006 qnae
410 1947 464 2007 per
478 1947 512 1988 se
528 1927 598 1992 nihil
614 1946 694 1988 reum
710 1946 872 2008 aggravare
887 1929 1053 2005 videantur,
1077 1946 1145 1990 con-

139 2015 314 2093 gregatione
329 2013 434 2074 deinde
451 2029 552 2072 eorum
568 2012 675 2074 lactum
691 2013 905 2073 convincimus:
926 2014 965 2073 ita
982 2013 1146 2074 huiusmodi

140 2099 224 2157 testis
239 2096 327 2157 multa
343 2097 379 2158 de
396 2097 553 2172 anteactis,
568 2096 656 2156 multa
673 2096 708 2157 de
724 2097 879 2173 insecutis,
897 2097 982 2173 loco,
1000 2105 1144 2176 tempore,

139 2197 284 2280 persona,
310 2183 418 2241 ceteris
435 2189 481 2240 est
494 2180 733 2258 interrogandus,
750 2189 780 2240 ut
796 2183 824 2239 in
839 2179 958 2261 aliquod
972 2199 1146 2260 responsum

139 2263 263 2340 incidat,
279 2273 348 2342 post
363 2265 441 2341 quod
457 2264 500 2324 illi
516 2263 565 2324 vel
577 2263 681 2340 lateri,
700 2282 775 2342 quae
787 2265 936 2340 volumus,
952 2283 1078 2325 necesse
1096 2267 1144 2340 sit,

139 2346 190 2406 vel
211 2348 264 2421 iis,
288 2364 363 2424 quae
383 2349 439 2407 iam
458 2347 579 2422 dixerit,
602 2364 777 2426 repugnare.
816 2346 847 2407 ld
870 2351 967 2408 sinon
988 2350 1186 2426 contingit:l9

140 2429 283 2508 reliquum
305 2432 377 2506 erit,
401 2438 433 2490 ut
454 2448 517 2489 eum
538 2429 618 2489 nolle
641 2429 740 2490 dicere
763 2431 943 2490 manifestum
961 2432 1011 2500 sit;
1031 2441 1143 2510 protra-

140 2511 328 2590 hendusque,
350 2514 424 2572 utin
440 2513 554 2592 aliquo,
578 2512 656 2590 quod
670 2512 720 2573 vel
737 2523 819 2573 extra
834 2531 949 2575 causam
965 2516 1016 2589 sit,
1040 2515 1143 2593 depre-

140 2596 295 2664 hendatur;
318 2596 459 2657 tenendus
479 2597 564 2657 etiam
585 2597 707 2673 diutius,
730 2607 762 2656 ut
782 2599 875 2657 omnia
890 2615 925 2658 ac
941 2596 1035 2676 plura,
1060 2615 1144 2678 quam

139 2698 188 2746 res
205 2679 363 2755 desiderat,
379 2697 432 2759 pro
448 2696 501 2740 reo
516 2680 640 2741 dicendo
657 2689 811 2760 suspectus
827 2680 913 2741 iudici
928 2681 990 2749 dam
1013 2699 1070 2760 quo
1086 2699 1144 2743 non

139 2766 231 2832 minus
246 2761 381 2841 nocebit,
403 2781 489 2842 qnam
504 2765 529 2823 sl
541 2781 611 2824 vera
627 2764 655 2822 in
669 2780 750 2824 reum
765 2764 895 2825 dixisset.
931 2763 985 2841 dt,
1008 2767 1048 2843 si,
1066 2766 1187 2846 quodto

140 2849 269 2914 secundo
291 2848 358 2910 loco
380 2848 520 2923 diximus,
547 2848 661 2907 nesciet
680 2857 778 2926 actor,
806 2848 873 2927 quid
895 2851 1039 2928 propositi
1059 2852 1142 2910 testis

140 2932 283 2996 attulerit:
306 2931 461 3011 paulatim,
485 2941 530 3008 et,
555 2940 585 2991 ut
600 2930 718 3007 dicitur,
741 2933 919 3010 pedetentim
935 2935 1141 3012 interrogando

140 3017 307 3092 experietur
323 3017 444 3080 animum
460 3017 521 3077 eius
538 3022 568 3074 et
582 3014 618 3076 ad
630 3015 658 3075 id
670 3033 859 3094 responsum,
880 3017 958 3097 quod
971 3016 1142 3077 eliciendum

140 3099 212 3172 erit,
231 3115 286 3176 per
300 3099 406 3179 gradus
422 3098 519 3161 ducet.
539 3099 614 3175 Sed,
630 3100 695 3176 quia
709 3117 910 3180 nonnunquam
927 3108 992 3159 sunt
1003 3100 1057 3160 hae
1071 3107 1184 3179 quo-tl

140 3199 199 3262 qne
211 3183 328 3245 testium
343 3191 438 3258 artes,
456 3192 487 3243 ut
502 3184 594 3262 primo
610 3183 646 3244 ad
660 3183 837 3245 voluntatem
851 3181 1063 3262 respondeant,
1083 3201 1140 3262 quo

140 3266 251 3328 maiore
271 3263 327 3326 tide
351 3265 467 3328 diversa
487 3275 591 3345 postea
612 3267 723 3328 dicant:
747 3277 793 3328 est
808 3267 949 3342 oratoris,
974 3275 1141 3344 suspectum

140 3358 263 3424 testem,
280 3348 345 3412 dum
360 3348 499 3428 prodest,
520 3350 672 3412 dimittere.
751 3423 753 3427 ⁸

223 3432 412 3497 Patronorum
432 3435 461 3493 in
476 3443 558 3513 parte
574 3436 737 3514 expeditior
751 3435 781 3495 in
795 3442 878 3514 parte
893 3431 1039 3494 difficilior
1053 3435 1187 3496 inter-tt
1225 3421 1288 3656 j
