2570 3946
382 197 797 267 1usu.ousuon.ura.1,o.
1054 188 1094 252 ³7

92 359 176 422 titus
191 359 346 439 ¹compleri
367 363 449 433 sbut,
476 356 591 418 nomina
612 372 664 416 sua
686 356 742 434 ipsi
763 357 986 434 inscripserunu
1013 359 1094 436 inge·

92 445 236 522 nloseque
259 446 339 503 visus
369 451 415 502 est
439 441 544 502 Gavius
565 440 698 502 coelibes
725 439 824 500 dicere
846 441 937 500 veluti
961 445 1094 516 coelites,

92 527 172 608 quod
186 545 277 588 onere
288 527 461 606 gravissimu
471 532 577 585 vaeeut
579 523 690 602 ,idque
702 523 815 585 Graeeo
828 534 998 625 argumentq
1013 527 1094 602 iuvit,

89 609 216 691 ἠιθέους
236 614 312 672 enim
337 610 439 671 eadem
461 608 498 670 de
519 625 607 670 eausa
630 609 687 668 diei
708 607 841 669 allirmat.
880 607 944 670 Nee
968 611 995 670 ei
1019 610 1095 670 aedit

90 695 244 758 Modestus
259 695 440 768 inventione,
456 710 537 768 nam,
553 692 618 771 quia
632 690 722 754 Coelo
735 692 875 753 Saturnus
892 693 1030 771 genitalia
1045 695 1093 755 ab·

92 779 231 856 eciderit,
257 779 315 840 hoo
335 780 449 838 nomine
475 776 656 855 appellatos,
686 777 734 855 qui
759 793 851 837 uxore
880 786 1014 854 careant,
1044 781 1092 839 ait.

91 863 196 924 Aelius
213 865 372 942 pituitam,
395 863 460 941 quia
474 869 559 940 petat
577 862 680 925 eitam
717 860 776 922 Sed
800 863 845 925 oui
863 877 921 920 riou
942 861 1135 940 postvenit

91 965 194 1010 ronam
214 949 252 1007 sit
269 948 370 1022 venia,
393 947 442 1025 qui
456 964 583 1024 aprum
606 947 672 1023 quia
685 946 714 1004 in
730 960 766 1005 eo
785 954 903 1024 apatur-
917 946 1041 1025 aliquid,
1064 957 1095 1009 et

88 1032 253 1110 praeuius,
282 1034 348 1111 quia
367 1032 521 1110 propolim
542 1028 658 1104 volent,
686 1028 780 1088 dietus
802 1028 894 1090 voluit
915 1031 1094 1107 persuadere

92 1113 230 1176 Gieeroni
248 1115 300 1194 (ad
320 1133 384 1175 eum
402 1117 476 1175 enim
495 1111 629 1193 scribit),
650 1129 714 1173 uum
731 1111 853 1173 alterum
873 1131 910 1174 ax
927 1113 1039 1176 Graeco
1057 1117 1094 1176 sit

91 1200 273 1261 manifestum
294 1200 360 1261 duel
381 1199 503 1260 alterum
525 1216 563 1258 ex
582 1196 704 1256 vocibus
726 1193 839 1256 avium?
870 1197 929 1257 Sed
948 1197 1006 1258 hoo
1025 1199 1138 1264 tarsitii

91 1284 145 1344 luit
166 1292 301 1359 vertere,
324 1292 355 1343 ut
377 1286 515 1360 merula,
537 1284 602 1360 quia
627 1280 692 1340 sola
715 1279 811 1355 volat,
832 1283 915 1360 quasi
936 1301 1023 1343 mera
1040 1301 1094 1346 oo·

93 1369 167 1430 tarra
187 1369 392 1428 nominaretur.
442 1367 563 1441 Quidam
588 1381 646 1424 non
673 1364 876 1426 dubitaverunt
898 1366 1094 1446 etymologine

91 1451 239 1511 subiioere
257 1467 370 1511 omnem
386 1453 509 1511 nominis
526 1461 656 1512 eausam:
673 1458 703 1509 ut
721 1467 759 1510 ex
776 1448 891 1526 babitu,
910 1452 1093 1530 quemadmo-

92 1534 160 1594 dum
182 1535 256 1614 dini,
285 1533 407 1614 Laupas
432 1543 462 1594 et
483 1533 598 1614 Rufus,
629 1551 667 1594 eu
688 1550 769 1614 sono,
783 1543 929 1613 stertere,
958 1555 1093 1598 murmu-

92 1635 187 1687 rare,·
208 1619 294 1679 etiam
313 1618 453 1694 derivata,
475 1627 506 1678 ut
523 1636 539 1679 a
554 1619 714 1681 velocitate
730 1617 834 1680 dieitur
846 1621 946 1696 aetna,
967 1628 996 1680 et
1016 1638 1093 1680 uum·

93 1703 187 1781 posita
201 1703 346 1782 pluraque
362 1703 406 1764 liis
423 1703 537 1779 similia,
558 1719 632 1781 quae
646 1703 709 1762 sine
725 1701 812 1762 dubio
825 1703 940 1764 aliunde
953 1705 1094 1781 originem

92 1787 200 1847 uuam
217 1787 269 1846 sed
287 1795 350 1847 arte
368 1804 427 1848 uon
445 1797 549 1864 egent,
569 1789 650 1846 ouius
667 1788 696 1845 iu
712 1785 770 1846 hoo
784 1802 875 1865 opere
893 1804 950 1848 nou
968 1798 1013 1847 esi
1024 1805 1093 1848 usus

94 1872 148 1929 uisi
167 1871 196 1929 iu
217 1870 320 1931 dubiis.

95 1983 99 1988 ·
176 1952 274 2014 Verba
294 1971 310 2014 a
326 1961 516 2014 vetustate
533 1955 659 2031 repetita
678 1968 736 2012 uon
752 1953 846 2014 solum
859 1970 980 2032 magnos
999 1965 1136 2021 asser-39

92 2047 173 2098 tores
190 2036 297 2098 habeut
318 2036 372 2098 sed
390 2038 615 2098 etiam-alierum
633 2038 756 2098 orationi
773 2039 951 2099 maiestatem
969 2038 1094 2118 aliquam

92 2137 150 2182 non
172 2124 233 2181 sine
256 2121 468 2190 deleotatione;
491 2140 555 2182 nam
577 2123 829 2182 etauctoritatem
850 2124 1092 2200 antiquitatisha·

91 2206 161 2266 bent
178 2214 224 2281 et,
247 2208 313 2285 quia
331 2209 493 2268 intermissa
513 2214 594 2283 sunt,
617 2207 739 2283 gratiam
758 2208 881 2288 novitati
897 2207 1019 2267 similem
1042 2227 1092 2286 pa-

91 2298 163 2349 rant.
196 2289 255 2351 Sed
271 2307 346 2369 opus
365 2299 410 2351 est
426 2291 529 2366 modo,
553 2298 585 2349 ut
599 2304 695 2368 neque
713 2289 816 2350 erebra
834 2293 890 2351 sint
906 2293 980 2354 baeu
997 2302 1136 2370 nequeto

90 2373 252 2449 manifesta,
270 2376 337 2452 quia
354 2373 425 2434 nihil
444 2383 489 2434 est
507 2374 637 2434 odiosius
653 2374 848 2449 affectatione,
867 2393 923 2436 neu
939 2378 1039 2454 utique
1056 2376 1092 2437 ab

91 2456 198 2516 ultimis
220 2464 250 2515 et
270 2460 324 2516 iam
345 2457 520 2518 oblitteratis
542 2459 668 2536 repetita
689 2459 885 2536 temporibus,
909 2459 1005 2537 qualia
1028 2468 1093 2521 sunt

91 2550 198 2620 topper
218 2548 249 2600 et
265 2542 420 2620 anteperia
442 2550 471 2600 et
493 2543 664 2604 eaaualure
685 2551 715 2602 et
733 2545 884 2621 prosapia
903 2550 933 2601 et
949 2543 1093 2602 Saliorum

91 2627 217 2702 earmina
238 2626 288 2683 vix
306 2624 508 2685 sacerdotibus
525 2627 586 2684 suis
603 2627 673 2685 satis
688 2625 848 2687 intellecta.
880 2625 939 2686 Sed
960 2625 1010 2687 illa
1031 2645 1091 2686 mu·
1100 2635 1133 2692 41

90 2711 143 2770 tari
165 2715 245 2770 vetat
269 2709 374 2787 religio
399 2717 429 2769 et
452 2711 632 2769 consecratis
652 2708 788 2770 utendum
811 2718 870 2777 est;
894 2711 987 2771 oratio
1007 2728 1091 2787 vero,

92 2795 172 2852 auius
201 2811 310 2855 summa
331 2795 422 2854 virtus
451 2801 496 2852 est
517 2793 727 2872 perspicuitas,
756 2811 838 2872 quam
860 2795 897 2854 sit
918 2796 1039 2873 vitiosa,
1066 2797 1092 2857 si

91 2886 178 2954 egeat
195 2880 367 2958 interprete.
404 2875 503 2955 Ergo,
525 2886 556 2937 ut
577 2894 718 2938 uovorum
737 2881 843 2958 optima
865 2889 948 2940 erunt
969 2882 1091 2942 maxime

90 2969 207 3038 vetera,
229 2965 269 3024 ita
290 2972 422 3023 veterum
443 2964 566 3023 maxime
587 2978 671 3023 noua.
965 3004 972 3021 .
1002 2999 1005 3004 ·

175 3047 282 3108 Similis
303 3049 380 3106 eirea
400 3050 665 3107 auctoritatem
687 3048 772 3108 ratio.
811 3047 882 3109 Nam
905 3049 1016 3108 etiamsi
1038 3063 1090 3124 po
1079 3057 1133 3111 -du

89 3135 149 3188 test
162 3129 254 3189 videri
272 3130 342 3190 nibil
362 3147 506 3208 peceare,
528 3134 577 3209 qui
594 3133 681 3191 utitur
696 3130 740 3191 his
762 3130 876 3208 verbis,
898 3148 973 3209 quae
990 3132 1090 3191 summi

90 3220 227 3274 auctores
244 3213 437 3289 tradiderunt,
458 3214 577 3275 multum
592 3223 687 3276 tamen
708 3215 800 3276 refert
815 3231 873 3276 uon
891 3215 1001 3290 solum,
1023 3213 1109 3292 quid.

90 3296 216 3358 dixerint
243 3296 296 3356 sed
318 3298 403 3357 etiam
425 3297 493 3376 quid
514 3300 722 3378 persuaserint.
761 3297 864 3377 Neque
888 3300 962 3358 euim
982 3299 1090 3361 tubur-

90 3381 318 3444 eiiuabuudum
344 3389 373 3441 et
394 3379 709 3446 lurchinabundum
700 3402 756 3444 ram
775 3384 805 3441 in
830 3382 914 3443 nobis
940 3385 1090 3462 quisquam

89 3465 180 3543 ierat,
204 3462 274 3526 lloet
293 3461 365 3527 Gaio
385 3465 422 3526 sit
439 3473 557 3544 auctor,
579 3483 636 3528 neo
655 3467 712 3530 boa
727 3467 859 3546 lodices,
883 3485 1044 3546 quanquam
1061 3465 1104 3528 id.
