<?xml version="1.0" encoding="UTF-8"?>
<!DOCTYPE html PUBLIC "-//W3C//DTD XHTML 1.0 Transitional//EN"
    "http://www.w3.org/TR/xhtml1/DTD/xhtml1-transitional.dtd">
<html xmlns="http://www.w3.org/1999/xhtml" xml:lang="en" lang="en">
 <head>
  <title>
</title>
<meta http-equiv="Content-Type" content="text/html;charset=utf-8" />
  <meta name='ocr-system' content='tesseract 3.04.00' />
  <meta name='ocr-capabilities' content='ocr_page ocr_carea ocr_par ocr_line ocrx_word'/>
</head>
<body>
  <div class='ocr_page' id='page_1' title='image "./mfabiiquintilia19quingoog_0259.png"; bbox 0 0 2592 3940; ppageno 0'>
   <div class='ocr_carea' id='block_1_1' title="bbox 183 217 847 284">
    <p class='ocr_par' dir='ltr' id='par_1_1' title="bbox 183 217 847 284">
     <span class='ocr_line' id='line_1_1' title="bbox 183 217 847 284; baseline -0.026 0"><span class='ocrx_word' id='word_1_1' title='bbox 183 218 243 284; x_wconf 77' lang='lat'><strong>238</strong></span> <span class='ocrx_word' id='word_1_2' title='bbox 484 221 521 270; x_wconf 89' lang='grc' dir='ltr'><strong>ιι.</strong></span> <span class='ocrx_word' id='word_1_3' title='bbox 537 219 615 269; x_wconf 79' lang='lat' dir='ltr'><strong>uus.</strong></span> <span class='ocrx_word' id='word_1_4' title='bbox 629 217 847 281; x_wconf 70' lang='lat' dir='ltr'><strong>cumutamus</strong></span> 
     </span>
    </p>
   </div>
   <div class='ocr_carea' id='block_1_2' title="bbox 138 374 1182 621">
    <p class='ocr_par' dir='ltr' id='par_1_2' title="bbox 138 374 1182 621">
     <span class='ocr_line' id='line_1_2' title="bbox 181 374 1182 455; baseline -0.003 -14"><span class='ocrx_word' id='word_1_5' title='bbox 181 379 293 441; x_wconf 84' lang='lat' dir='ltr'><strong>caletos</strong></span> <span class='ocrx_word' id='word_1_6' title='bbox 308 393 378 438; x_wconf 78' lang='lat' dir='ltr'><strong>reru</strong></span> <span class='ocrx_word' id='word_1_7' title='bbox 391 375 502 436; x_wconf 81' lang='lat' dir='ltr'>Verres</span> <span class='ocrx_word' id='word_1_8' title='bbox 519 375 634 435; x_wconf 82' lang='lat' dir='ltr'><strong>fortiter</strong></span> <span class='ocrx_word' id='word_1_9' title='bbox 649 383 679 434; x_wconf 94' lang='lat' dir='ltr'><strong>et</strong></span> <span class='ocrx_word' id='word_1_10' title='bbox 693 374 833 434; x_wconf 89' lang='lat' dir='ltr'><strong>industrie</strong></span> <span class='ocrx_word' id='word_1_11' title='bbox 847 374 935 434; x_wconf 87' lang='lat' dir='ltr'><strong>tuitus</strong></span> <span class='ocrx_word' id='word_1_12' title='bbox 951 379 1053 436; x_wconf 85' lang='lat' dir='ltr'><strong>eontra</strong></span> <span class='ocrx_word' id='word_1_13' title='bbox 1068 376 1182 455; x_wconf 84' lang='lat' dir='ltr'><strong>piratas</strong></span> 
     </span>
     <span class='ocr_line' id='line_1_3' title="bbox 181 459 437 524; baseline -0.023 0"><span class='ocrx_word' id='word_1_14' title='bbox 181 459 310 524; x_wconf 86' lang='lat' dir='ltr'><strong>Siciliam</strong></span> <span class='ocrx_word' id='word_1_15' title='bbox 324 460 437 522; x_wconf 88' lang='lat' dir='ltr'><strong>dicitur.</strong></span> 
     </span>
     <span class='ocr_line' id='line_1_4' title="bbox 138 538 1180 621; baseline -0.003 -16"><span class='ocrx_word' id='word_1_16' title='bbox 138 557 174 612; x_wconf 78' lang='lat' dir='ltr'><strong>ee</strong></span> <span class='ocrx_word' id='word_1_17' title='bbox 263 542 530 605; x_wconf 80' lang='lat' dir='ltr'><strong>Eademadversus</strong></span> <span class='ocrx_word' id='word_1_18' title='bbox 557 540 879 602; x_wconf 75' lang='lat' dir='ltr'><strong>contradictiones</strong></span> <span class='ocrx_word' id='word_1_19' title='bbox 911 538 995 602; x_wconf 87' lang='lat' dir='ltr'><strong>nohis</strong></span> <span class='ocrx_word' id='word_1_20' title='bbox 1025 543 1180 621; x_wconf 88' lang='lat' dir='ltr'><strong>oppositas</strong></span> 
     </span>
    </p>
   </div>
   <div class='ocr_carea' id='block_1_3' title="bbox 182 615 1280 786">
    <p class='ocr_par' dir='ltr' id='par_1_3' title="bbox 182 615 1280 786">
     <span class='ocr_line' id='line_1_5' title="bbox 182 615 1280 709; baseline -0.011 -18"><span class='ocrx_word' id='word_1_21' title='bbox 182 637 339 709; x_wconf 88' lang='lat' dir='ltr'><strong>praecepta</strong></span> <span class='ocrx_word' id='word_1_22' title='bbox 362 635 443 702; x_wconf 88' lang='lat' dir='ltr'><strong>suat,</strong></span> <span class='ocrx_word' id='word_1_23' title='bbox 465 625 522 685; x_wconf 91' lang='lat' dir='ltr'><strong>hoc</strong></span> <span class='ocrx_word' id='word_1_24' title='bbox 543 634 638 685; x_wconf 88' lang='lat' dir='ltr'><strong>tamen</strong></span> <span class='ocrx_word' id='word_1_25' title='bbox 665 624 802 703; x_wconf 91' lang='lat' dir='ltr'><strong>amplius,</strong></span> <span class='ocrx_word' id='word_1_26' title='bbox 828 624 906 702; x_wconf 85' lang='lat' dir='ltr'><strong>quod</strong></span> <span class='ocrx_word' id='word_1_27' title='bbox 932 626 1008 685; x_wconf 91' lang='lat' dir='ltr'><strong>circa</strong></span> <span class='ocrx_word' id='word_1_28' title='bbox 1032 643 1083 685; x_wconf 88' lang='lat' dir='ltr'><strong>eas</strong></span> <span class='ocrx_word' id='word_1_29' title='bbox 1097 627 1180 686; x_wconf 89' lang='lat' dir='ltr'><strong>malti</strong></span> <span class='ocrx_word' id='word_1_30' title='bbox 1279 615 1280 650; x_wconf 66' lang='lat'><em>²</em></span> 
     </span>
     <span class='ocr_line' id='line_1_6' title="bbox 182 706 1280 786; baseline -0.012 -11"><span class='ocrx_word' id='word_1_31' title='bbox 182 711 293 774; x_wconf 87' lang='lat' dir='ltr'><strong>duobus</strong></span> <span class='ocrx_word' id='word_1_32' title='bbox 316 712 392 773; x_wconf 83' lang='lat' dir='ltr'><strong>vitiis</strong></span> <span class='ocrx_word' id='word_1_33' title='bbox 413 709 536 771; x_wconf 80' lang='lat' dir='ltr'><strong>diversis</strong></span> <span class='ocrx_word' id='word_1_34' title='bbox 558 708 700 770; x_wconf 88' lang='lat' dir='ltr'><strong>laborant.</strong></span> <span class='ocrx_word' id='word_1_35' title='bbox 742 706 813 768; x_wconf 89' lang='lat' dir='ltr'><strong>Nam</strong></span> <span class='ocrx_word' id='word_1_36' title='bbox 831 708 945 786; x_wconf 85' lang='lat' dir='ltr'><strong>quidam</strong></span> <span class='ocrx_word' id='word_1_37' title='bbox 965 706 1050 769; x_wconf 90' lang='lat' dir='ltr'><strong>etiam</strong></span> <span class='ocrx_word' id='word_1_38' title='bbox 1068 711 1096 768; x_wconf 91' lang='lat' dir='ltr'><strong>in</strong></span> <span class='ocrx_word' id='word_1_39' title='bbox 1110 710 1179 770; x_wconf 87' lang='lat' dir='ltr'><strong>iero</strong></span> <span class='ocrx_word' id='word_1_40' title='bbox 1279 747 1280 756; x_wconf 35' lang='grc' dir='ltr'>ι</span> 
     </span>
    </p>
   </div>
   <div class='ocr_carea' id='block_1_4' title="bbox 139 793 1194 1542">
    <p class='ocr_par' dir='ltr' id='par_1_4' title="bbox 139 793 1194 1542">
     <span class='ocr_line' id='line_1_7' title="bbox 181 793 1179 876; baseline -0.005 -19"><span class='ocrx_word' id='word_1_41' title='bbox 181 806 315 876; x_wconf 88' lang='lat' dir='ltr'><strong>tanquam</strong></span> <span class='ocrx_word' id='word_1_42' title='bbox 329 810 390 854; x_wconf 88' lang='lat' dir='ltr'><strong>rem</strong></span> <span class='ocrx_word' id='word_1_43' title='bbox 406 793 558 853; x_wconf 86' lang='lat' dir='ltr'><strong>molestam</strong></span> <span class='ocrx_word' id='word_1_44' title='bbox 583 802 612 853; x_wconf 90' lang='lat' dir='ltr'><strong>et</strong></span> <span class='ocrx_word' id='word_1_45' title='bbox 635 793 764 853; x_wconf 89' lang='lat' dir='ltr'><strong>odiosam</strong></span> <span class='ocrx_word' id='word_1_46' title='bbox 780 800 982 871; x_wconf 88' lang='lat' dir='ltr'><strong>praetereunt,</strong></span> <span class='ocrx_word' id='word_1_47' title='bbox 1005 801 1034 852; x_wconf 88' lang='lat' dir='ltr'><strong>et</strong></span> <span class='ocrx_word' id='word_1_48' title='bbox 1055 794 1091 852; x_wconf 93' lang='lat' dir='ltr'><strong>iis</strong></span> <span class='ocrx_word' id='word_1_49' title='bbox 1114 793 1179 873; x_wconf 90' lang='lat' dir='ltr'><strong>ple·</strong></span> 
     </span>
     <span class='ocr_line' id='line_1_8' title="bbox 180 875 1194 958; baseline -0.002 -18"><span class='ocrx_word' id='word_1_50' title='bbox 180 895 311 958; x_wconf 84' lang='lat' dir='ltr'><strong>rumque,</strong></span> <span class='ocrx_word' id='word_1_51' title='bbox 328 893 402 956; x_wconf 82' lang='lat' dir='ltr'><strong>quae</strong></span> <span class='ocrx_word' id='word_1_52' title='bbox 418 877 579 954; x_wconf 90' lang='lat' dir='ltr'><strong>composita</strong></span> <span class='ocrx_word' id='word_1_53' title='bbox 598 877 682 936; x_wconf 93' lang='lat' dir='ltr'><strong>domo</strong></span> <span class='ocrx_word' id='word_1_54' title='bbox 700 875 873 951; x_wconf 90' lang='lat' dir='ltr'><strong>attulerunt,</strong></span> <span class='ocrx_word' id='word_1_55' title='bbox 896 878 1024 936; x_wconf 90' lang='lat' dir='ltr'><strong>contenti</strong></span> <span class='ocrx_word' id='word_1_56' title='bbox 1043 877 1106 936; x_wconf 88' lang='lat' dir='ltr'><strong>sine</strong></span> <span class='ocrx_word' id='word_1_57' title='bbox 1128 877 1194 945; x_wconf 57' lang='lat' dir='ltr'><strong>ads</strong></span> 
     </span>
     <span class='ocr_line' id='line_1_9' title="bbox 180 959 1181 1039; baseline -0.002 -17"><span class='ocrx_word' id='word_1_58' title='bbox 180 962 440 1029; x_wconf 75' lang='lat' dir='ltr'><strong>versariodicunt3</strong></span> <span class='ocrx_word' id='word_1_59' title='bbox 457 969 486 1019; x_wconf 91' lang='lat' dir='ltr'><strong>et</strong></span> <span class='ocrx_word' id='word_1_60' title='bbox 501 959 616 1020; x_wconf 89' lang='lat' dir='ltr'><strong>scilicet</strong></span> <span class='ocrx_word' id='word_1_61' title='bbox 635 959 724 1020; x_wconf 92' lang='lat' dir='ltr'><strong>multo</strong></span> <span class='ocrx_word' id='word_1_62' title='bbox 740 961 831 1038; x_wconf 79' lang='lat' dir='ltr'><strong>magis</strong></span> <span class='ocrx_word' id='word_1_63' title='bbox 847 960 876 1018; x_wconf 93' lang='lat' dir='ltr'><strong>in</strong></span> <span class='ocrx_word' id='word_1_64' title='bbox 893 959 1014 1036; x_wconf 87' lang='lat' dir='ltr'><strong>scholis,</strong></span> <span class='ocrx_word' id='word_1_65' title='bbox 1030 961 1181 1039; x_wconf 86' lang='lat' dir='ltr'><strong>inquibus</strong></span> 
     </span>
     <span class='ocr_line' id='line_1_10' title="bbox 180 1043 1180 1118; baseline 0 -13"><span class='ocrx_word' id='word_1_66' title='bbox 180 1062 239 1106; x_wconf 89' lang='lat' dir='ltr'><strong>nou</strong></span> <span class='ocrx_word' id='word_1_67' title='bbox 255 1045 349 1105; x_wconf 89' lang='lat' dir='ltr'><strong>solum</strong></span> <span class='ocrx_word' id='word_1_68' title='bbox 365 1044 608 1104; x_wconf 76' lang='lat' dir='ltr'><strong>contradictiones</strong></span> <span class='ocrx_word' id='word_1_69' title='bbox 625 1046 806 1118; x_wconf 87' lang='lat' dir='ltr'><strong>omittuntur,</strong></span> <span class='ocrx_word' id='word_1_70' title='bbox 822 1058 921 1104; x_wconf 85' lang='lat' dir='ltr'><strong>verum</strong></span> <span class='ocrx_word' id='word_1_71' title='bbox 938 1043 1023 1104; x_wconf 89' lang='lat' dir='ltr'><strong>etiam</strong></span> <span class='ocrx_word' id='word_1_72' title='bbox 1039 1047 1180 1104; x_wconf 85' lang='lat' dir='ltr'><strong>materiae</strong></span> 
     </span>
     <span class='ocr_line' id='line_1_11' title="bbox 181 1127 1179 1209; baseline 0 -20"><span class='ocrx_word' id='word_1_73' title='bbox 181 1131 263 1209; x_wconf 89' lang='lat' dir='ltr'><strong>ipsae</strong></span> <span class='ocrx_word' id='word_1_74' title='bbox 278 1130 321 1188; x_wconf 89' lang='lat' dir='ltr'><strong>sie</strong></span> <span class='ocrx_word' id='word_1_75' title='bbox 337 1127 509 1208; x_wconf 85' lang='lat' dir='ltr'><strong>pleramque</strong></span> <span class='ocrx_word' id='word_1_76' title='bbox 525 1128 686 1206; x_wconf 78' lang='lat' dir='ltr'><strong>linguntur,</strong></span> <span class='ocrx_word' id='word_1_77' title='bbox 702 1137 733 1187; x_wconf 90' lang='lat' dir='ltr'><strong>ut</strong></span> <span class='ocrx_word' id='word_1_78' title='bbox 748 1127 817 1187; x_wconf 80' lang='lat' dir='ltr'><strong>nihil</strong></span> <span class='ocrx_word' id='word_1_79' title='bbox 834 1127 891 1187; x_wconf 93' lang='lat' dir='ltr'><strong>diei</strong></span> <span class='ocrx_word' id='word_1_80' title='bbox 909 1144 962 1206; x_wconf 93' lang='lat' dir='ltr'><strong>pro</strong></span> <span class='ocrx_word' id='word_1_81' title='bbox 985 1137 1069 1206; x_wconf 90' lang='lat' dir='ltr'><strong>parte</strong></span> <span class='ocrx_word' id='word_1_82' title='bbox 1085 1128 1179 1198; x_wconf 79' lang='lat' dir='ltr'><strong>altera</strong></span> 
     </span>
     <span class='ocr_line' id='line_1_12' title="bbox 139 1209 1181 1293; baseline -0.007 -16"><span class='ocrx_word' id='word_1_83' title='bbox 139 1214 283 1293; x_wconf 81' lang='lat' dir='ltr'><strong>otpcssit.</strong></span> <span class='ocrx_word' id='word_1_84' title='bbox 327 1212 386 1273; x_wconf 82' lang='lat' dir='ltr'><strong>Alii</strong></span> <span class='ocrx_word' id='word_1_85' title='bbox 411 1211 560 1290; x_wconf 76' lang='lat' dir='ltr'><strong>diligentia</strong></span> <span class='ocrx_word' id='word_1_86' title='bbox 585 1211 660 1291; x_wconf 91' lang='lat' dir='ltr'><strong>lapsi</strong></span> <span class='ocrx_word' id='word_1_87' title='bbox 684 1209 781 1271; x_wconf 82' lang='lat' dir='ltr'><strong>verbis</strong></span> <span class='ocrx_word' id='word_1_88' title='bbox 808 1213 893 1271; x_wconf 90' lang='lat' dir='ltr'><strong>etiam</strong></span> <span class='ocrx_word' id='word_1_89' title='bbox 919 1211 969 1272; x_wconf 83' lang='lat' dir='ltr'><strong>vel</strong></span> <span class='ocrx_word' id='word_1_90' title='bbox 995 1211 1181 1272; x_wconf 90' lang='lat' dir='ltr'><strong>sententiolis</strong></span> 
     </span>
     <span class='ocr_line' id='line_1_13' title="bbox 181 1294 1178 1375; baseline -0.003 -17"><span class='ocrx_word' id='word_1_91' title='bbox 181 1297 312 1358; x_wconf 88' lang='lat' dir='ltr'><strong>omnibus</strong></span> <span class='ocrx_word' id='word_1_92' title='bbox 334 1296 566 1375; x_wconf 88' lang='lat' dir='ltr'><strong>respondendum</strong></span> <span class='ocrx_word' id='word_1_93' title='bbox 589 1305 705 1375; x_wconf 90' lang='lat' dir='ltr'><strong>putant,</strong></span> <span class='ocrx_word' id='word_1_94' title='bbox 726 1295 804 1372; x_wconf 89' lang='lat' dir='ltr'><strong>quod</strong></span> <span class='ocrx_word' id='word_1_95' title='bbox 825 1304 871 1355; x_wconf 91' lang='lat' dir='ltr'><strong>est</strong></span> <span class='ocrx_word' id='word_1_96' title='bbox 887 1303 918 1354; x_wconf 92' lang='lat' dir='ltr'><strong>et</strong></span> <span class='ocrx_word' id='word_1_97' title='bbox 932 1294 1068 1355; x_wconf 91' lang='lat' dir='ltr'><strong>inlinitum</strong></span> <span class='ocrx_word' id='word_1_98' title='bbox 1087 1304 1116 1356; x_wconf 91' lang='lat' dir='ltr'><strong>et</strong></span> <span class='ocrx_word' id='word_1_99' title='bbox 1131 1313 1178 1355; x_wconf 90' lang='lat' dir='ltr'><strong>su·</strong></span> 
     </span>
     <span class='ocr_line' id='line_1_14' title="bbox 181 1378 1178 1461; baseline -0.004 -19"><span class='ocrx_word' id='word_1_100' title='bbox 181 1398 370 1461; x_wconf 66' lang='lat' dir='ltr'><strong>pervacuum</strong></span> <span class='ocrx_word' id='word_1_101' title='bbox 394 1395 452 1438; x_wconf 90' lang='lat' dir='ltr'><strong>non</strong></span> <span class='ocrx_word' id='word_1_102' title='bbox 472 1380 547 1438; x_wconf 92' lang='lat' dir='ltr'><strong>enim</strong></span> <span class='ocrx_word' id='word_1_103' title='bbox 567 1396 654 1440; x_wconf 88' lang='lat' dir='ltr'><strong>causa</strong></span> <span class='ocrx_word' id='word_1_104' title='bbox 669 1378 889 1458; x_wconf 80' lang='lat' dir='ltr'><strong>reprehenditur</strong></span> <span class='ocrx_word' id='word_1_105' title='bbox 907 1380 960 1439; x_wconf 89' lang='lat' dir='ltr'><strong>sed</strong></span> <span class='ocrx_word' id='word_1_106' title='bbox 977 1389 1069 1455; x_wconf 90' lang='lat' dir='ltr'><strong>actor,</strong></span> <span class='ocrx_word' id='word_1_107' title='bbox 1092 1397 1178 1458; x_wconf 82' lang='lat' dir='ltr'><strong>quem</strong></span> 
     </span>
     <span class='ocr_line' id='line_1_15' title="bbox 182 1462 1180 1542; baseline -0.004 -16"><span class='ocrx_word' id='word_1_108' title='bbox 182 1481 239 1542; x_wconf 80' lang='lat' dir='ltr'><strong>ego</strong></span> <span class='ocrx_word' id='word_1_109' title='bbox 261 1479 377 1542; x_wconf 91' lang='lat' dir='ltr'><strong>semper</strong></span> <span class='ocrx_word' id='word_1_110' title='bbox 395 1463 487 1522; x_wconf 84' lang='lat' dir='ltr'><strong>videri</strong></span> <span class='ocrx_word' id='word_1_111' title='bbox 510 1462 604 1523; x_wconf 90' lang='lat' dir='ltr'><strong>malim</strong></span> <span class='ocrx_word' id='word_1_112' title='bbox 622 1463 778 1538; x_wconf 89' lang='lat' dir='ltr'><strong>disertum,</strong></span> <span class='ocrx_word' id='word_1_113' title='bbox 801 1472 848 1538; x_wconf 87' lang='lat' dir='ltr'><strong>ut,</strong></span> <span class='ocrx_word' id='word_1_114' title='bbox 871 1463 895 1521; x_wconf 92' lang='lat' dir='ltr'><strong>si</strong></span> <span class='ocrx_word' id='word_1_115' title='bbox 916 1462 1020 1540; x_wconf 86' lang='lat' dir='ltr'><strong>dixerit</strong></span> <span class='ocrx_word' id='word_1_116' title='bbox 1042 1464 1120 1542; x_wconf 88' lang='lat' dir='ltr'><strong>quod</strong></span> <span class='ocrx_word' id='word_1_117' title='bbox 1135 1465 1180 1523; x_wconf 93' lang='lat' dir='ltr'><strong>rei</strong></span> 
     </span>
    </p>
   </div>
   <div class='ocr_carea' id='block_1_5' title="bbox 182 1546 1280 1627">
    <p class='ocr_par' dir='ltr' id='par_1_5' title="bbox 182 1546 1280 1627">
     <span class='ocr_line' id='line_1_16' title="bbox 182 1546 1280 1627; baseline -0.001 -20"><span class='ocrx_word' id='word_1_118' title='bbox 182 1548 290 1627; x_wconf 81' lang='lat' dir='ltr'><strong>prosit,</strong></span> <span class='ocrx_word' id='word_1_119' title='bbox 310 1547 417 1624; x_wconf 77' lang='lat' dir='ltr'><strong>ingenii</strong></span> <span class='ocrx_word' id='word_1_120' title='bbox 433 1547 566 1606; x_wconf 88' lang='lat' dir='ltr'><strong>credatur</strong></span> <span class='ocrx_word' id='word_1_121' title='bbox 583 1547 645 1607; x_wconf 92' lang='lat' dir='ltr'><strong>laus</strong></span> <span class='ocrx_word' id='word_1_122' title='bbox 662 1563 802 1607; x_wconf 89' lang='lat' dir='ltr'><strong>essenon</strong></span> <span class='ocrx_word' id='word_1_123' title='bbox 819 1563 940 1614; x_wconf 77' lang='lat' dir='ltr'><strong>causae:</strong></span> <span class='ocrx_word' id='word_1_124' title='bbox 964 1548 988 1605; x_wconf 89' lang='lat' dir='ltr'><strong>si</strong></span> <span class='ocrx_word' id='word_1_125' title='bbox 1007 1547 1084 1608; x_wconf 92' lang='lat' dir='ltr'><strong>lorte</strong></span> <span class='ocrx_word' id='word_1_126' title='bbox 1101 1546 1179 1626; x_wconf 83' lang='lat' dir='ltr'><strong>qood</strong></span> <span class='ocrx_word' id='word_1_127' title='bbox 1279 1555 1280 1558; x_wconf 75' lang='grc'>’</span> 
     </span>
    </p>
   </div>
   <div class='ocr_carea' id='block_1_6' title="bbox 139 1629 1203 1792">
    <p class='ocr_par' dir='ltr' id='par_1_6' title="bbox 139 1629 1203 1792">
     <span class='ocr_line' id='line_1_17' title="bbox 139 1629 1181 1710; baseline -0.002 -18"><span class='ocrx_word' id='word_1_128' title='bbox 139 1630 287 1707; x_wconf 68' lang='lat' dir='ltr'><strong>idlaedah</strong></span> <span class='ocrx_word' id='word_1_129' title='bbox 305 1647 411 1691; x_wconf 89' lang='lat' dir='ltr'><strong>causae</strong></span> <span class='ocrx_word' id='word_1_130' title='bbox 425 1645 483 1689; x_wconf 88' lang='lat' dir='ltr'><strong>non</strong></span> <span class='ocrx_word' id='word_1_131' title='bbox 493 1631 600 1707; x_wconf 81' lang='lat' dir='ltr'><strong>ingenii</strong></span> <span class='ocrx_word' id='word_1_132' title='bbox 613 1630 708 1710; x_wconf 89' lang='lat' dir='ltr'><strong>culpa.</strong></span> <span class='ocrx_word' id='word_1_133' title='bbox 738 1629 837 1708; x_wconf 84' lang='lat' dir='ltr'><strong>ltaque</strong></span> <span class='ocrx_word' id='word_1_134' title='bbox 851 1630 920 1690; x_wconf 90' lang='lat' dir='ltr'><strong>illae</strong></span> <span class='ocrx_word' id='word_1_135' title='bbox 932 1631 1181 1709; x_wconf 79' lang='lat' dir='ltr'><strong>reprehensiones</strong></span> 
     </span>
     <span class='ocr_line' id='line_1_18' title="bbox 182 1713 1203 1792; baseline -0.004 -15"><span class='ocrx_word' id='word_1_136' title='bbox 182 1723 230 1777; x_wconf 87' lang='lat' dir='ltr'><strong>aut</strong></span> <span class='ocrx_word' id='word_1_137' title='bbox 245 1714 446 1791; x_wconf 87' lang='lat' dir='ltr'><strong>obscuritatis,</strong></span> <span class='ocrx_word' id='word_1_138' title='bbox 468 1714 561 1792; x_wconf 90' lang='lat' dir='ltr'><strong>qualis</strong></span> <span class='ocrx_word' id='word_1_139' title='bbox 584 1714 613 1774; x_wconf 91' lang='lat' dir='ltr'><strong>in</strong></span> <span class='ocrx_word' id='word_1_140' title='bbox 636 1713 751 1774; x_wconf 85' lang='lat' dir='ltr'><strong>Rullum</strong></span> <span class='ocrx_word' id='word_1_141' title='bbox 769 1722 829 1789; x_wconf 89' lang='lat' dir='ltr'><strong>est,</strong></span> <span class='ocrx_word' id='word_1_142' title='bbox 856 1723 903 1774; x_wconf 89' lang='lat' dir='ltr'><strong>aut</strong></span> <span class='ocrx_word' id='word_1_143' title='bbox 923 1713 1060 1774; x_wconf 81' lang='lat' dir='ltr'><strong>infantiae</strong></span> <span class='ocrx_word' id='word_1_144' title='bbox 1081 1717 1110 1774; x_wconf 89' lang='lat' dir='ltr'><strong>in</strong></span> <span class='ocrx_word' id='word_1_145' title='bbox 1137 1713 1179 1774; x_wconf 93' lang='lat' dir='ltr'><strong>di·</strong></span> <span class='ocrx_word' id='word_1_146' title='bbox 1201 1747 1203 1752; x_wconf 94' lang='lat'>·</span> 
     </span>
    </p>
   </div>
   <div class='ocr_carea' id='block_1_7' title="bbox 182 1797 1280 1960">
    <p class='ocr_par' dir='ltr' id='par_1_7' title="bbox 182 1797 1280 1960">
     <span class='ocr_line' id='line_1_19' title="bbox 182 1797 1280 1877; baseline -0.003 -16"><span class='ocrx_word' id='word_1_147' title='bbox 182 1799 285 1874; x_wconf 87' lang='lat' dir='ltr'><strong>condo,</strong></span> <span class='ocrx_word' id='word_1_148' title='bbox 301 1798 395 1877; x_wconf 80' lang='lat' dir='ltr'><strong>qualis</strong></span> <span class='ocrx_word' id='word_1_149' title='bbox 413 1799 441 1857; x_wconf 94' lang='lat' dir='ltr'><strong>in</strong></span> <span class='ocrx_word' id='word_1_150' title='bbox 456 1797 605 1875; x_wconf 83' lang='lat' dir='ltr'><strong>Pisonem,</strong></span> <span class='ocrx_word' id='word_1_151' title='bbox 628 1807 676 1858; x_wconf 91' lang='lat' dir='ltr'><strong>aut</strong></span> <span class='ocrx_word' id='word_1_152' title='bbox 700 1797 830 1857; x_wconf 88' lang='lat' dir='ltr'><strong>inscitiae</strong></span> <span class='ocrx_word' id='word_1_153' title='bbox 851 1815 947 1858; x_wconf 90' lang='lat' dir='ltr'><strong>rerum</strong></span> <span class='ocrx_word' id='word_1_154' title='bbox 963 1797 1180 1876; x_wconf 85' lang='lat' dir='ltr'><strong>verborumque</strong></span> <span class='ocrx_word' id='word_1_155' title='bbox 1279 1827 1280 1834; x_wconf 33' lang='grc' dir='ltr'>ι</span> 
     </span>
     <span class='ocr_line' id='line_1_20' title="bbox 182 1881 1280 1960; baseline -0.003 -17"><span class='ocrx_word' id='word_1_156' title='bbox 182 1892 211 1943; x_wconf 92' lang='lat' dir='ltr'><strong>et</strong></span> <span class='ocrx_word' id='word_1_157' title='bbox 227 1881 394 1942; x_wconf 89' lang='lat' dir='ltr'><strong>insulsitatis</strong></span> <span class='ocrx_word' id='word_1_158' title='bbox 418 1883 520 1958; x_wconf 84' lang='lat' dir='ltr'><strong>etiam,</strong></span> <span class='ocrx_word' id='word_1_159' title='bbox 547 1882 640 1960; x_wconf 87' lang='lat' dir='ltr'><strong>qualis</strong></span> <span class='ocrx_word' id='word_1_160' title='bbox 658 1883 686 1942; x_wconf 93' lang='lat' dir='ltr'><strong>in</strong></span> <span class='ocrx_word' id='word_1_161' title='bbox 701 1881 856 1942; x_wconf 79' lang='lat' dir='ltr'><strong>Antoniani</strong></span> <span class='ocrx_word' id='word_1_162' title='bbox 873 1889 935 1958; x_wconf 92' lang='lat' dir='ltr'><strong>est,</strong></span> <span class='ocrx_word' id='word_1_163' title='bbox 959 1883 1052 1942; x_wconf 91' lang='lat' dir='ltr'><strong>animo</strong></span> <span class='ocrx_word' id='word_1_164' title='bbox 1076 1881 1181 1942; x_wconf 90' lang='lat' dir='ltr'><strong>dantur</strong></span> <span class='ocrx_word' id='word_1_165' title='bbox 1279 1929 1280 1934; x_wconf 61' lang='grc'>,</span> 
     </span>
    </p>
   </div>
   <div class='ocr_carea' id='block_1_8' title="bbox 140 1965 1181 2293">
    <p class='ocr_par' dir='ltr' id='par_1_8' title="bbox 140 1965 1181 2293">
     <span class='ocr_line' id='line_1_21' title="bbox 181 1965 1179 2045; baseline -0.004 -17"><span class='ocrx_word' id='word_1_166' title='bbox 181 1975 229 2028; x_wconf 88' lang='lat' dir='ltr'><strong>aut</strong></span> <span class='ocrx_word' id='word_1_167' title='bbox 242 1967 324 2027; x_wconf 85' lang='lat' dir='ltr'><strong>iustis</strong></span> <span class='ocrx_word' id='word_1_168' title='bbox 341 1965 426 2043; x_wconf 90' lang='lat' dir='ltr'><strong>odiis,</strong></span> <span class='ocrx_word' id='word_1_169' title='bbox 446 1975 569 2044; x_wconf 86' lang='lat' dir='ltr'><strong>suntque</strong></span> <span class='ocrx_word' id='word_1_170' title='bbox 584 1966 670 2026; x_wconf 88' lang='lat' dir='ltr'><strong>utiles</strong></span> <span class='ocrx_word' id='word_1_171' title='bbox 691 1965 726 2026; x_wconf 94' lang='lat' dir='ltr'><strong>ad</strong></span> <span class='ocrx_word' id='word_1_172' title='bbox 743 1965 952 2026; x_wconf 88' lang='lat' dir='ltr'><strong>conciliandum</strong></span> <span class='ocrx_word' id='word_1_173' title='bbox 968 1967 1020 2042; x_wconf 91' lang='lat' dir='ltr'><strong>iis,</strong></span> <span class='ocrx_word' id='word_1_174' title='bbox 1045 1982 1120 2045; x_wconf 87' lang='lat' dir='ltr'><strong>quos</strong></span> <span class='ocrx_word' id='word_1_175' title='bbox 1137 1967 1179 2024; x_wconf 91' lang='lat' dir='ltr'><strong>iu-</strong></span> 
     </span>
     <span class='ocr_line' id='line_1_22' title="bbox 140 2048 1181 2129; baseline -0.002 -19"><span class='ocrx_word' id='word_1_176' title='bbox 140 2053 260 2111; x_wconf 77' lang='lat' dir='ltr'><strong>sarisas</strong></span> <span class='ocrx_word' id='word_1_177' title='bbox 280 2050 381 2110; x_wconf 87' lang='lat' dir='ltr'><strong>iacere</strong></span> <span class='ocrx_word' id='word_1_178' title='bbox 410 2049 558 2125; x_wconf 84' lang='lat' dir='ltr'><strong>volueris,</strong></span> <span class='ocrx_word' id='word_1_179' title='bbox 586 2050 690 2110; x_wconf 89' lang='lat' dir='ltr'><strong>odium.</strong></span> <span class='ocrx_word' id='word_1_180' title='bbox 736 2048 802 2110; x_wconf 78' lang='lat' dir='ltr'><strong>Alia</strong></span> <span class='ocrx_word' id='word_1_181' title='bbox 828 2049 1023 2129; x_wconf 86' lang='lat' dir='ltr'><strong>respondendi</strong></span> <span class='ocrx_word' id='word_1_182' title='bbox 1048 2049 1181 2129; x_wconf 91' lang='lat' dir='ltr'><strong>patronis</strong></span> 
     </span>
     <span class='ocr_line' id='line_1_23' title="bbox 180 2132 1181 2209; baseline 0.001 -18"><span class='ocrx_word' id='word_1_183' title='bbox 180 2135 272 2200; x_wconf 84' lang='lat' dir='ltr'><strong>ratio;</strong></span> <span class='ocrx_word' id='word_1_184' title='bbox 296 2141 325 2192; x_wconf 93' lang='lat' dir='ltr'><strong>et</strong></span> <span class='ocrx_word' id='word_1_185' title='bbox 350 2132 502 2209; x_wconf 89' lang='lat' dir='ltr'><strong>aliquando</strong></span> <span class='ocrx_word' id='word_1_186' title='bbox 524 2140 618 2192; x_wconf 90' lang='lat' dir='ltr'><strong>tamen</strong></span> <span class='ocrx_word' id='word_1_187' title='bbox 642 2149 741 2192; x_wconf 88' lang='lat' dir='ltr'><strong>eorum</strong></span> <span class='ocrx_word' id='word_1_188' title='bbox 762 2148 820 2191; x_wconf 93' lang='lat' dir='ltr'><strong>non</strong></span> <span class='ocrx_word' id='word_1_189' title='bbox 840 2133 1034 2194; x_wconf 89' lang='lat' dir='ltr'><strong>oratiomodo</strong></span> <span class='ocrx_word' id='word_1_190' title='bbox 1053 2133 1181 2194; x_wconf 86' lang='lat' dir='ltr'><strong>sedvita</strong></span> 
     </span>
     <span class='ocr_line' id='line_1_24' title="bbox 182 2214 1180 2293; baseline 0 -17"><span class='ocrx_word' id='word_1_191' title='bbox 182 2217 278 2287; x_wconf 82' lang='lat' dir='ltr'><strong>etiam,</strong></span> <span class='ocrx_word' id='word_1_192' title='bbox 293 2214 390 2274; x_wconf 89' lang='lat' dir='ltr'><strong>vultus</strong></span> <span class='ocrx_word' id='word_1_193' title='bbox 403 2215 539 2293; x_wconf 85' lang='lat' dir='ltr'><strong>denique,</strong></span> <span class='ocrx_word' id='word_1_194' title='bbox 558 2218 701 2292; x_wconf 89' lang='lat' dir='ltr'><strong>incessus,</strong></span> <span class='ocrx_word' id='word_1_195' title='bbox 718 2214 832 2277; x_wconf 89' lang='lat' dir='ltr'><strong>habitus</strong></span> <span class='ocrx_word' id='word_1_196' title='bbox 843 2226 925 2278; x_wconf 89' lang='lat' dir='ltr'><strong>recte</strong></span> <span class='ocrx_word' id='word_1_197' title='bbox 941 2219 1067 2278; x_wconf 89' lang='lat' dir='ltr'><strong>incusari</strong></span> <span class='ocrx_word' id='word_1_198' title='bbox 1084 2216 1180 2283; x_wconf 79' lang='lat' dir='ltr'><strong>solet:</strong></span> 
     </span>
    </p>
   </div>
   <div class='ocr_carea' id='block_1_9' title="bbox 131 2297 1280 2378">
    <p class='ocr_par' dir='ltr' id='par_1_9' title="bbox 131 2297 1280 2378">
     <span class='ocr_line' id='line_1_25' title="bbox 131 2297 1280 2378; baseline -0.003 -19"><span class='ocrx_word' id='word_1_199' title='bbox 131 2311 134 2318; x_wconf 83' lang='lat'>&#39;</span> <span class='ocrx_word' id='word_1_200' title='bbox 180 2307 212 2359; x_wconf 90' lang='lat' dir='ltr'><strong>ut</strong></span> <span class='ocrx_word' id='word_1_201' title='bbox 239 2297 378 2359; x_wconf 81' lang='lat' dir='ltr'><strong>adsersus</strong></span> <span class='ocrx_word' id='word_1_202' title='bbox 405 2297 549 2372; x_wconf 81' lang='lat' dir='ltr'><strong>Quintium</strong></span> <span class='ocrx_word' id='word_1_203' title='bbox 577 2297 682 2360; x_wconf 78' lang='lat' dir='ltr'><strong>Cicero</strong></span> <span class='ocrx_word' id='word_1_204' title='bbox 710 2317 769 2360; x_wconf 92' lang='lat' dir='ltr'><strong>non</strong></span> <span class='ocrx_word' id='word_1_205' title='bbox 796 2299 870 2361; x_wconf 89' lang='lat' dir='ltr'><strong>haee</strong></span> <span class='ocrx_word' id='word_1_206' title='bbox 894 2301 988 2362; x_wconf 89' lang='lat' dir='ltr'><strong>solum</strong></span> <span class='ocrx_word' id='word_1_207' title='bbox 1008 2301 1061 2360; x_wconf 90' lang='lat' dir='ltr'><strong>sed</strong></span> <span class='ocrx_word' id='word_1_208' title='bbox 1086 2302 1181 2378; x_wconf 85' lang='lat' dir='ltr'><strong>ipsam</strong></span> <span class='ocrx_word' id='word_1_209' title='bbox 1279 2349 1280 2356; x_wconf 71' lang='grc'>,</span> 
     </span>
    </p>
   </div>
   <div class='ocr_carea' id='block_1_10' title="bbox 182 2363 1280 2461">
    <p class='ocr_par' dir='ltr' id='par_1_10' title="bbox 182 2363 1280 2461">
     <span class='ocr_line' id='line_1_26' title="bbox 182 2363 1280 2461; baseline 0.002 -19"><span class='ocrx_word' id='word_1_210' title='bbox 182 2384 266 2442; x_wconf 89' lang='lat' dir='ltr'><strong>etiam</strong></span> <span class='ocrx_word' id='word_1_211' title='bbox 288 2391 469 2461; x_wconf 80' lang='lat' dir='ltr'><strong>praetentam</strong></span> <span class='ocrx_word' id='word_1_212' title='bbox 491 2383 644 2445; x_wconf 89' lang='lat' dir='ltr'><strong>demissam</strong></span> <span class='ocrx_word' id='word_1_213' title='bbox 665 2385 701 2445; x_wconf 91' lang='lat' dir='ltr'><strong>ad</strong></span> <span class='ocrx_word' id='word_1_214' title='bbox 721 2384 796 2444; x_wconf 90' lang='lat' dir='ltr'><strong>talos</strong></span> <span class='ocrx_word' id='word_1_215' title='bbox 815 2387 972 2445; x_wconf 89' lang='lat' dir='ltr'><strong>insectatus</strong></span> <span class='ocrx_word' id='word_1_216' title='bbox 998 2393 1052 2444; x_wconf 88' lang='lat' dir='ltr'><strong>est.</strong></span> <span class='ocrx_word' id='word_1_217' title='bbox 1093 2383 1180 2444; x_wconf 89' lang='lat' dir='ltr'><strong>Pres-</strong></span> <span class='ocrx_word' id='word_1_218' title='bbox 1279 2363 1280 2386; x_wconf 48' lang='lat'>¹</span> 
     </span>
    </p>
   </div>
   <div class='ocr_carea' id='block_1_11' title="bbox 141 2464 1280 2632">
    <p class='ocr_par' dir='ltr' id='par_1_11' title="bbox 141 2464 1280 2632">
     <span class='ocr_line' id='line_1_27' title="bbox 141 2464 1280 2542; baseline 0 -16"><span class='ocrx_word' id='word_1_219' title='bbox 141 2469 259 2526; x_wconf 78' lang='lat' dir='ltr'><strong>toserat</strong></span> <span class='ocrx_word' id='word_1_220' title='bbox 278 2468 351 2526; x_wconf 91' lang='lat' dir='ltr'><strong>enim</strong></span> <span class='ocrx_word' id='word_1_221' title='bbox 369 2466 541 2527; x_wconf 83' lang='lat' dir='ltr'><strong>turbulentis</strong></span> <span class='ocrx_word' id='word_1_222' title='bbox 558 2467 739 2529; x_wconf 86' lang='lat' dir='ltr'><strong>contionibus</strong></span> <span class='ocrx_word' id='word_1_223' title='bbox 752 2464 913 2528; x_wconf 80' lang='lat' dir='ltr'><strong>Cluentium</strong></span> <span class='ocrx_word' id='word_1_224' title='bbox 927 2467 1069 2542; x_wconf 82' lang='lat' dir='ltr'><strong>Quintius.</strong></span> <span class='ocrx_word' id='word_1_225' title='bbox 1099 2465 1181 2526; x_wconf 87' lang='lat' dir='ltr'><strong>Non·</strong></span> <span class='ocrx_word' id='word_1_226' title='bbox 1279 2477 1280 2482; x_wconf 75' lang='grc'>’</span> 
     </span>
     <span class='ocr_line' id='line_1_28' title="bbox 180 2541 1280 2632; baseline 0.001 -22"><span class='ocrx_word' id='word_1_227' title='bbox 180 2566 321 2627; x_wconf 89' lang='lat' dir='ltr'><strong>nonquam</strong></span> <span class='ocrx_word' id='word_1_228' title='bbox 336 2549 496 2610; x_wconf 82' lang='lat' dir='ltr'><strong>elevandae</strong></span> <span class='ocrx_word' id='word_1_229' title='bbox 514 2551 637 2612; x_wconf 81' lang='lat' dir='ltr'><strong>invidiae</strong></span> <span class='ocrx_word' id='word_1_230' title='bbox 656 2553 758 2630; x_wconf 82' lang='lat' dir='ltr'><strong>gratia,</strong></span> <span class='ocrx_word' id='word_1_231' title='bbox 774 2569 848 2630; x_wconf 84' lang='lat' dir='ltr'><strong>quae</strong></span> <span class='ocrx_word' id='word_1_232' title='bbox 864 2553 996 2632; x_wconf 90' lang='lat' dir='ltr'><strong>asperius</strong></span> <span class='ocrx_word' id='word_1_233' title='bbox 1009 2551 1085 2612; x_wconf 91' lang='lat' dir='ltr'><strong>dicta</strong></span> <span class='ocrx_word' id='word_1_234' title='bbox 1101 2561 1180 2627; x_wconf 85' lang='lat' dir='ltr'><strong>suut,</strong></span> <span class='ocrx_word' id='word_1_235' title='bbox 1279 2541 1280 2600; x_wconf 61' lang='grc' dir='ltr'><strong>ἶ</strong></span> 
     </span>
    </p>
   </div>
   <div class='ocr_carea' id='block_1_12' title="bbox 139 2632 1181 3133">
    <p class='ocr_par' dir='ltr' id='par_1_12' title="bbox 139 2632 1181 3133">
     <span class='ocr_line' id='line_1_29' title="bbox 181 2632 1180 2709; baseline 0.002 -16"><span class='ocrx_word' id='word_1_236' title='bbox 181 2633 394 2709; x_wconf 84' lang='lat' dir='ltr'><strong>eluduntur,</strong></span> <span class='ocrx_word' id='word_1_237' title='bbox 419 2643 449 2694; x_wconf 88' lang='lat' dir='ltr'><strong>nt</strong></span> <span class='ocrx_word' id='word_1_238' title='bbox 465 2651 480 2694; x_wconf 97' lang='lat' dir='ltr'><strong>a</strong></span> <span class='ocrx_word' id='word_1_239' title='bbox 497 2632 641 2695; x_wconf 77' lang='lat' dir='ltr'><strong>cicerone</strong></span> <span class='ocrx_word' id='word_1_240' title='bbox 659 2633 796 2695; x_wconf 81' lang='lat' dir='ltr'><strong>Triarius.</strong></span> <span class='ocrx_word' id='word_1_241' title='bbox 834 2634 905 2696; x_wconf 90' lang='lat' dir='ltr'><strong>Nam</strong></span> <span class='ocrx_word' id='word_1_242' title='bbox 928 2653 990 2696; x_wconf 90' lang='lat' dir='ltr'><strong>eum</strong></span> <span class='ocrx_word' id='word_1_243' title='bbox 1010 2635 1113 2696; x_wconf 85' lang='lat' dir='ltr'><strong>Scauri</strong></span> <span class='ocrx_word' id='word_1_244' title='bbox 1129 2651 1180 2695; x_wconf 93' lang='lat' dir='ltr'><strong>co·</strong></span> 
     </span>
     <span class='ocr_line' id='line_1_30' title="bbox 180 2715 1180 2799; baseline 0.004 -22"><span class='ocrx_word' id='word_1_245' title='bbox 180 2717 290 2777; x_wconf 87' lang='lat' dir='ltr'><strong>lamnas</strong></span> <span class='ocrx_word' id='word_1_246' title='bbox 310 2735 364 2796; x_wconf 93' lang='lat' dir='ltr'><strong>per</strong></span> <span class='ocrx_word' id='word_1_247' title='bbox 383 2717 485 2778; x_wconf 87' lang='lat' dir='ltr'><strong>arbem</strong></span> <span class='ocrx_word' id='word_1_248' title='bbox 508 2719 645 2797; x_wconf 90' lang='lat' dir='ltr'><strong>plaustris</strong></span> <span class='ocrx_word' id='word_1_249' title='bbox 667 2727 768 2780; x_wconf 82' lang='lat' dir='ltr'><strong>vectas</strong></span> <span class='ocrx_word' id='word_1_250' title='bbox 791 2737 858 2779; x_wconf 90' lang='lat' dir='ltr'><strong>esse</strong></span> <span class='ocrx_word' id='word_1_251' title='bbox 879 2719 966 2796; x_wconf 88' lang='lat' dir='ltr'><strong>dixit,</strong></span> <span class='ocrx_word' id='word_1_252' title='bbox 988 2715 1055 2799; x_wconf 73' lang='lat' dir='ltr'><strong>Epo</strong></span> <span class='ocrx_word' id='word_1_253' title='bbox 1073 2737 1180 2797; x_wconf 82' lang='lat' dir='ltr'><strong>porro,</strong></span> 
     </span>
     <span class='ocr_line' id='line_1_31' title="bbox 179 2797 1179 2882; baseline 0.004 -24"><span class='ocrx_word' id='word_1_254' title='bbox 179 2801 279 2877; x_wconf 89' lang='lat' dir='ltr'><strong>inquit,</strong></span> <span class='ocrx_word' id='word_1_255' title='bbox 296 2802 348 2878; x_wconf 81' lang='lat' dir='ltr'><strong>qui</strong></span> <span class='ocrx_word' id='word_1_256' title='bbox 360 2797 500 2863; x_wconf 79' lang='lat' dir='ltr'><strong>Attanae</strong></span> <span class='ocrx_word' id='word_1_257' title='bbox 514 2803 611 2864; x_wconf 86' lang='lat' dir='ltr'><strong>hedec</strong></span> <span class='ocrx_word' id='word_1_258' title='bbox 622 2804 787 2878; x_wconf 81' lang='lat' dir='ltr'><strong>colomnae,</strong></span> <span class='ocrx_word' id='word_1_259' title='bbox 804 2803 923 2864; x_wconf 80' lang='lat' dir='ltr'><strong>clitellis</strong></span> <span class='ocrx_word' id='word_1_260' title='bbox 936 2821 992 2866; x_wconf 85' lang='lat' dir='ltr'><strong>ece</strong></span> <span class='ocrx_word' id='word_1_261' title='bbox 1003 2804 1179 2882; x_wconf 79' lang='lat' dir='ltr'><strong>apportavi.</strong></span> 
     </span>
     <span class='ocr_line' id='line_1_32' title="bbox 179 2881 1180 2966; baseline 0.003 -24"><span class='ocrx_word' id='word_1_262' title='bbox 179 2881 216 2942; x_wconf 83' lang='lat' dir='ltr'><strong>Et</strong></span> <span class='ocrx_word' id='word_1_263' title='bbox 236 2884 403 2966; x_wconf 74' lang='lat' dir='ltr'><strong>magishoc</strong></span> <span class='ocrx_word' id='word_1_264' title='bbox 425 2886 453 2944; x_wconf 94' lang='lat' dir='ltr'><strong>in</strong></span> <span class='ocrx_word' id='word_1_265' title='bbox 475 2895 663 2947; x_wconf 88' lang='lat' dir='ltr'><strong>accusatores</strong></span> <span class='ocrx_word' id='word_1_266' title='bbox 680 2902 851 2948; x_wconf 89' lang='lat' dir='ltr'><strong>concessum</strong></span> <span class='ocrx_word' id='word_1_267' title='bbox 873 2895 932 2964; x_wconf 88' lang='lat' dir='ltr'><strong>eet,</strong></span> <span class='ocrx_word' id='word_1_268' title='bbox 956 2885 1058 2965; x_wconf 87' lang='lat' dir='ltr'><strong>quibus</strong></span> <span class='ocrx_word' id='word_1_269' title='bbox 1080 2887 1180 2946; x_wconf 89' lang='lat' dir='ltr'><strong>eonvi-</strong></span> 
     </span>
     <span class='ocr_line' id='line_1_33' title="bbox 139 2967 1180 3048; baseline 0.002 -20"><span class='ocrx_word' id='word_1_270' title='bbox 139 2974 171 3028; x_wconf 83' lang='lat'><strong>41</strong></span> <span class='ocrx_word' id='word_1_271' title='bbox 181 2967 249 3027; x_wconf 89' lang='lat' dir='ltr'><strong>clari</strong></span> <span class='ocrx_word' id='word_1_272' title='bbox 277 2967 432 3046; x_wconf 82' lang='lat' dir='ltr'><strong>aliquando</strong></span> <span class='ocrx_word' id='word_1_273' title='bbox 456 2970 607 3048; x_wconf 91' lang='lat' dir='ltr'><strong>patrocinii</strong></span> <span class='ocrx_word' id='word_1_274' title='bbox 629 2971 701 3031; x_wconf 92' lang='lat' dir='ltr'><strong>lides</strong></span> <span class='ocrx_word' id='word_1_275' title='bbox 726 2972 814 3048; x_wconf 80' lang='lat' dir='ltr'><strong>cogit.</strong></span> <span class='ocrx_word' id='word_1_276' title='bbox 860 2969 914 3031; x_wconf 94' lang='lat' dir='ltr'><strong>llla</strong></span> <span class='ocrx_word' id='word_1_277' title='bbox 939 2987 1011 3030; x_wconf 85' lang='lat' dir='ltr'><strong>vero</strong></span> <span class='ocrx_word' id='word_1_278' title='bbox 1038 2970 1180 3030; x_wconf 82' lang='lat' dir='ltr'><strong>adversus</strong></span> 
     </span>
     <span class='ocr_line' id='line_1_34' title="bbox 181 3052 1181 3133; baseline 0 -21"><span class='ocrx_word' id='word_1_279' title='bbox 181 3067 280 3112; x_wconf 88' lang='lat' dir='ltr'><strong>omnes</strong></span> <span class='ocrx_word' id='word_1_280' title='bbox 304 3060 333 3111; x_wconf 90' lang='lat' dir='ltr'><strong>et</strong></span> <span class='ocrx_word' id='word_1_281' title='bbox 355 3060 475 3130; x_wconf 90' lang='lat' dir='ltr'><strong>recepta</strong></span> <span class='ocrx_word' id='word_1_282' title='bbox 499 3060 528 3112; x_wconf 91' lang='lat' dir='ltr'><strong>et</strong></span> <span class='ocrx_word' id='word_1_283' title='bbox 549 3070 607 3114; x_wconf 94' lang='lat' dir='ltr'><strong>non</strong></span> <span class='ocrx_word' id='word_1_284' title='bbox 627 3055 777 3115; x_wconf 90' lang='lat' dir='ltr'><strong>inhumana</strong></span> <span class='ocrx_word' id='word_1_285' title='bbox 804 3056 992 3133; x_wconf 89' lang='lat' dir='ltr'><strong>conquestio,</strong></span> <span class='ocrx_word' id='word_1_286' title='bbox 1020 3055 1045 3113; x_wconf 90' lang='lat' dir='ltr'><strong>si</strong></span> <span class='ocrx_word' id='word_1_287' title='bbox 1072 3052 1181 3113; x_wconf 92' lang='lat' dir='ltr'><strong>callide</strong></span> 
     </span>
    </p>
   </div>
   <div class='ocr_carea' id='block_1_13' title="bbox 139 3134 1280 3300">
    <p class='ocr_par' dir='ltr' id='par_1_13' title="bbox 139 3134 1280 3300">
     <span class='ocr_line' id='line_1_35' title="bbox 139 3134 1280 3214; baseline 0.002 -20"><span class='ocrx_word' id='word_1_288' title='bbox 139 3135 247 3214; x_wconf 69' lang='lat' dir='ltr'><strong>siquid</strong></span> <span class='ocrx_word' id='word_1_289' title='bbox 263 3137 388 3212; x_wconf 89' lang='lat' dir='ltr'><strong>acuisse,</strong></span> <span class='ocrx_word' id='word_1_290' title='bbox 403 3134 757 3214; x_wconf 64' lang='lat' dir='ltr'><strong>breviasse&#39;olrscorasse</strong></span> <span class='ocrx_word' id='word_1_291' title='bbox 783 3137 932 3198; x_wconf 88' lang='lat' dir='ltr'><strong>distulisse</strong></span> <span class='ocrx_word' id='word_1_292' title='bbox 948 3139 1088 3199; x_wconf 88' lang='lat' dir='ltr'><strong>dicuntur.</strong></span> <span class='ocrx_word' id='word_1_293' title='bbox 1119 3135 1180 3196; x_wconf 85' lang='lat' dir='ltr'><strong>De·</strong></span> <span class='ocrx_word' id='word_1_294' title='bbox 1279 3199 1280 3208; x_wconf 10' lang='grc' dir='ltr'>ἒ</span> 
     </span>
     <span class='ocr_line' id='line_1_36' title="bbox 180 3218 1280 3300; baseline 0.002 -23"><span class='ocrx_word' id='word_1_295' title='bbox 180 3218 319 3281; x_wconf 89' lang='lat' dir='ltr'><strong>lensionis</strong></span> <span class='ocrx_word' id='word_1_296' title='bbox 341 3237 458 3298; x_wconf 83' lang='lat' dir='ltr'><strong>quoque</strong></span> <span class='ocrx_word' id='word_1_297' title='bbox 479 3223 650 3300; x_wconf 88' lang='lat' dir='ltr'><strong>permutatio</strong></span> <span class='ocrx_word' id='word_1_298' title='bbox 668 3220 890 3300; x_wconf 88' lang='lat' dir='ltr'><strong>reprehenditur</strong></span> <span class='ocrx_word' id='word_1_299' title='bbox 903 3239 1010 3300; x_wconf 90' lang='lat' dir='ltr'><strong>saepe,</strong></span> <span class='ocrx_word' id='word_1_300' title='bbox 1031 3229 1062 3280; x_wconf 90' lang='lat' dir='ltr'><strong>ut</strong></span> <span class='ocrx_word' id='word_1_301' title='bbox 1083 3219 1182 3281; x_wconf 81' lang='lat' dir='ltr'><strong>Attius</strong></span> <span class='ocrx_word' id='word_1_302' title='bbox 1279 3231 1280 3234; x_wconf 73' lang='grc'>’</span> 
     </span>
    </p>
   </div>
   <div class='ocr_carea' id='block_1_14' title="bbox 181 3301 1181 3468">
    <p class='ocr_par' dir='ltr' id='par_1_14' title="bbox 181 3301 1181 3468">
     <span class='ocr_line' id='line_1_37' title="bbox 181 3301 1181 3384; baseline 0 -22"><span class='ocrx_word' id='word_1_303' title='bbox 181 3303 320 3363; x_wconf 83' lang='lat' dir='ltr'><strong>aduersus</strong></span> <span class='ocrx_word' id='word_1_304' title='bbox 337 3301 510 3381; x_wconf 79' lang='lat' dir='ltr'><strong>Cluentium,</strong></span> <span class='ocrx_word' id='word_1_305' title='bbox 527 3305 689 3366; x_wconf 80' lang='lat' dir='ltr'><strong>Aeschines</strong></span> <span class='ocrx_word' id='word_1_306' title='bbox 706 3305 845 3366; x_wconf 87' lang='lat' dir='ltr'><strong>adversos</strong></span> <span class='ocrx_word' id='word_1_307' title='bbox 863 3303 1081 3384; x_wconf 79' lang='lat' dir='ltr'><strong>Ctesiphontem</strong></span> <span class='ocrx_word' id='word_1_308' title='bbox 1098 3303 1181 3380; x_wconf 87' lang='lat' dir='ltr'><strong>lacit,</strong></span> 
     </span>
     <span class='ocr_line' id='line_1_38' title="bbox 182 3384 1180 3468; baseline 0.001 -23"><span class='ocrx_word' id='word_1_309' title='bbox 182 3403 245 3446; x_wconf 93' lang='lat' dir='ltr'><strong>cum</strong></span> <span class='ocrx_word' id='word_1_310' title='bbox 263 3386 314 3446; x_wconf 90' lang='lat' dir='ltr'><strong>ille</strong></span> <span class='ocrx_word' id='word_1_311' title='bbox 331 3384 503 3448; x_wconf 85' lang='lat' dir='ltr'><strong>Ciceronem</strong></span> <span class='ocrx_word' id='word_1_312' title='bbox 520 3388 589 3468; x_wconf 76' lang='lat' dir='ltr'><strong>lege</strong></span> <span class='ocrx_word' id='word_1_313' title='bbox 606 3407 722 3449; x_wconf 89' lang='lat' dir='ltr'><strong>usurum</strong></span> <span class='ocrx_word' id='word_1_314' title='bbox 736 3389 840 3466; x_wconf 91' lang='lat' dir='ltr'><strong>modo,</strong></span> <span class='ocrx_word' id='word_1_315' title='bbox 856 3389 904 3450; x_wconf 91' lang='lat' dir='ltr'><strong>hic</strong></span> <span class='ocrx_word' id='word_1_316' title='bbox 919 3389 1034 3449; x_wconf 92' lang='lat' dir='ltr'><strong>minime</strong></span> <span class='ocrx_word' id='word_1_317' title='bbox 1054 3387 1091 3448; x_wconf 88' lang='lat' dir='ltr'><strong>de</strong></span> <span class='ocrx_word' id='word_1_318' title='bbox 1108 3387 1180 3464; x_wconf 73' lang='lat' dir='ltr'><strong>lege</strong></span> 
     </span>
    </p>
   </div>
   <div class='ocr_carea' id='block_1_15' title="bbox 180 3468 701 3552">
    <p class='ocr_par' dir='ltr' id='par_1_15' title="bbox 180 3468 701 3552">
     <span class='ocr_line' id='line_1_39' title="bbox 180 3468 701 3552; baseline 0.012 -27"><span class='ocrx_word' id='word_1_319' title='bbox 180 3468 320 3528; x_wconf 79' lang='lat' dir='ltr'><strong>dinanum</strong></span> <span class='ocrx_word' id='word_1_320' title='bbox 333 3469 549 3531; x_wconf 88' lang='lat' dir='ltr'><strong>Demosthenen</strong></span> <span class='ocrx_word' id='word_1_321' title='bbox 564 3473 701 3552; x_wconf 79' lang='lat' dir='ltr'><strong>queritur.</strong></span> 
     </span>
    </p>
   </div>
   <div class='ocr_carea' id='block_1_16' title="bbox 0 0 1300 3940">
    <p class='ocr_par' dir='ltr' id='par_1_16' title="bbox 0 0 1300 3940">
     <span class='ocr_line' id='line_1_40' title="bbox 0 0 1300 3940; baseline 0 0"><span class='ocrx_word' id='word_1_322' title='bbox 0 0 1300 3940; x_wconf 95' lang='lat' dir='ltr'><strong> </strong></span> 
     </span>
    </p>
   </div>
  </div>
 </body>
</html>
