2570 3946
374 237 792 320 msr.0esroe.cm.1,s.
1046 241 1086 306 23

82 408 248 484 emendata,
267 416 299 468 ιιι
314 405 454 484 dilucida,
470 416 502 467 ut
516 413 617 468 ornatu
635 406 672 467 sit
690 406 773 486 (quia
789 407 889 469 dicere
905 417 990 487 apte,
1009 408 1087 489 quoi

82 503 128 556 est
142 493 346 574 praecipuum,
369 491 506 570 plerique
525 491 637 551 ornatui
659 489 845 572 subiiciunt);
865 492 986 552 totidem
1006 495 1086 570 vitia,

50 621 52 634 .
83 595 158 658 qnae
185 584 252 637 sunt
277 592 366 654 supra
390 575 475 635 lictis
501 575 660 636 contraria:
694 576 883 637 emendate
909 577 1087 655 loquendi

81 661 228 762 rapulam,
249 675 326 739 quae
344 659 546 736 grammatices
564 658 646 737 prior
663 675 732 738 pars
750 668 811 737 est,
830 661 983 722 examinet.
1007 659 1114 722 llaect

81 747 209 826 exigitur
228 741 327 804 uerbis
350 750 399 802 aut
419 742 542 820 singulis
564 751 612 802 aut
633 740 773 821 pluribus.
817 741 921 806 Verba
938 761 1014 806 nuuc
1035 763 1087 824 ge·

80 829 223 891 nertliter
245 826 339 904 accipi
365 824 453 902 volo,
479 841 545 888 uam
570 825 681 907 duplex
707 842 808 888 eorum
830 827 999 890 intellectus
1027 839 1087 899 est;

80 914 173 989 alter,
193 913 241 991 qni
259 911 352 970 omnia
368 926 424 988 per
439 927 514 989 quae
529 926 625 972 sermo
644 910 770 971 nectitur
783 911 945 1010 significat,
963 921 998 972 ut
1012 911 1089 993 apud

79 997 242 1059 Horatium:
263 994 422 1072 verboque
438 995 596 1074 provisum
616 1013 682 1058 rom
702 1013 764 1058 cort
783 995 881 1059 incito
900 1002 1089 1074 sequentum

81 1081 176 1156 alter,
194 1080 223 1140 in
244 1094 303 1158 quo
326 1087 450 1138 estune
472 1093 540 1160 pars
562 1079 718 1154 orationis,
740 1079 823 1158 lopo,
841 1081 954 1143 scribo.
996 1079 1089 1155 Quam

31 1157 39 1170 ”
80 1167 205 1226 vitantes
222 1161 438 1241 ambiguitatem
457 1162 571 1243 qnidam
590 1162 689 1223 dicere
703 1163 866 1225 maluemut
878 1181 986 1242 voces,
1005 1165 1088 1228 locu·

82 1252 196 1325 tiones,
221 1247 380 1310 dictiones.
426 1246 547 1325 Singula
568 1255 634 1307 sunt
655 1253 703 1308 aut
728 1255 828 1308 nostra
851 1249 1116 1326 surpereminet

81 1342 131 1395 aut
152 1329 295 1412 simplicia
314 1339 363 1392 aut
385 1332 562 1411 composita,
584 1338 633 1394 aut
652 1332 773 1411 propria
795 1338 844 1392 ant
862 1331 1017 1408 translatu,
1040 1339 1089 1392 aut

82 1417 188 1477 usitata
206 1423 254 1476 aut
275 1414 352 1475 licta.

166 1498 223 1558 Uni
240 1496 333 1558 verbo
349 1499 448 1557 ιίιίιιιιι
463 1499 579 1577 saepius
597 1515 681 1576 quam
695 1499 786 1560 virtus
803 1497 887 1558 inest.
917 1495 1004 1560 Licet
1014 1499 1089 1559 euim

83 1583 213 1644 dicamus
228 1579 337 1682 aliquid
353 1582 517 1662 proprium,
538 1583 722 1661 speciosum,
744 1581 881 1643 sublime:
902 1582 973 1643 nihil
993 1590 1089 1642 tumen

82 1666 186 1728 honum
207 1665 263 1726 nisi
281 1664 497 1744 incomplexe
521 1665 660 1746 loquendi
685 1669 822 1746 serieque
844 1666 999 1744 contingim
1027 1667 1088 1727 leu-

82 1750 182 1812 damus
200 1751 275 1810 enim
291 1746 381 1810 verba
397 1749 486 1810 rebus
502 1749 577 1811 bene
593 1751 819 1812 accommodata.
851 1750 922 1812 Sola
937 1759 993 1827 est,
1014 1755 1114 1850 quael

81 1834 177 1895 notari
199 1835 294 1914 possit
313 1833 395 1894 velut
415 1835 584 1911 vocalitas,
613 1851 688 1912 quae
709 1823 843 1911 εὖφωνία
862 1835 979 1903 (licitum
1007 1835 1088 1894 onius

81 1920 111 1980 iu
134 1933 171 1978 eo
194 1917 328 1979 delectus
349 1926 410 1994 est,
434 1925 465 1976 ut
482 1918 558 1978 inter
577 1917 649 1994 duo,
675 1935 750 1996 quae
771 1916 847 1978 idem
867 1917 1033 1994 significant
1054 1934 1089 1977 ac

82 2001 249 2064 tantundem
266 1995 379 2076 valent,
403 2000 481 2079 quod
502 2000 605 2062 melius
623 2010 726 2078 sonet,
746 2000 839 2062 malis.

168 2085 261 2147 Prima
288 2084 508 2146 barbarismi
537 2102 572 2147 ao
601 2084 815 2146 soloecismi
846 2084 972 2147 toenites
1002 2084 1115 2146 absint

82 2170 142 2233 Sed
173 2171 239 2248 quia
264 2170 378 2230 iuterim
406 2178 582 2230 excusantur
606 2169 680 2230 haec
702 2171 771 2230 vitia
800 2179 848 2232 aut
878 2169 1089 2230 consuetudine

82 2263 131 2317 aut
145 2255 319 2314 auctoritate
336 2263 385 2314 aut
398 2261 546 2326 vetustate
561 2263 608 2313 aut
625 2252 750 2333 denique
767 2255 916 2315 vicinitate
936 2255 1088 2323 virtutum

81 2355 147 2398 nam
166 2355 257 2416 saepe
280 2356 297 2399 a
317 2338 417 2416 liguris
438 2355 473 2398 ea
498 2353 637 2417 separare
657 2336 777 2399 difficile
799 2347 861 2398 est:
890 2356 928 2398 ne
952 2354 1008 2416 qua
1032 2346 1090 2399 tum

82 2421 196 2482 lubrica
212 2420 379 2481 obseruatio
395 2420 494 2498 fallat,
519 2423 625 2483 acriter
644 2439 678 2481 se
697 2423 726 2481 in
740 2420 812 2482 illud
827 2431 914 2482 tenue
936 2421 1090 2481 discrimen

81 2504 287 2584 grammaticus
302 2503 440 2580 intendat,
458 2505 493 2564 de
509 2521 566 2583 quo
582 2520 636 2564 nos
650 2504 736 2566 latim
751 2503 790 2565 ibi
806 2504 974 2583 loquemur,
989 2502 1038 2564 ubi
1053 2502 1090 2563 de

83 2588 185 2666 liguris
203 2587 341 2647 orationis
359 2587 538 2647 tractandum
552 2589 616 2647 erit.
650 2586 767 2648 Interim
784 2589 898 2663 vitium,
925 2586 1002 2664 quod
1017 2585 1049 2646 nt
1062 2587 1115 2649 inti

83 2671 207 2750 siugulis
228 2669 343 2746 verbis,
372 2671 410 2730 sit
430 2668 688 2730 barbarismus.
734 2668 878 2730 Occurrat
900 2668 969 2730 milri
990 2669 1091 2731 forsan

83 2756 198 2834 aliquis,
213 2757 289 2835 quid
299 2756 350 2816 bio
359 2755 532 2833 promissor
541 2755 613 2814 tanti
624 2755 723 2834 operis
735 2755 883 2833 elipeum?
897 2761 945 2814 ant
957 2754 1021 2833 quis
1033 2751 1092 2814 lroc

83 2842 192 2917 nescit,
216 2838 290 2900 alios
305 2837 501 2902 barbarismos
519 2837 675 2899 scribendo
693 2838 757 2897 lieri
777 2837 852 2898 alios
868 2837 1030 2917 loquend03
1049 2869 1093 2886 -

84 2925 168 3003 qnia,
202 2924 280 3002 quod
301 2923 377 2984 male
407 2921 559 2998 scribitur,
586 2921 662 2984 male
689 2923 775 2982 etiam
797 2920 855 2983 (lici
880 2939 1005 2983 necesse
1028 2931 1090 2990 est;

84 3023 159 3086 quae
176 3009 284 3068 vitiose
301 3008 426 3085 dixeris,
448 3024 506 3067 non
524 3007 624 3086 utique
643 3015 673 3066 et
688 3006 799 3084 scripto
817 3015 1000 3085 peccant-
1018 3003 1091 3066 illud

83 3091 164 3172 prius
186 3090 367 3168 adiectione,
388 3092 587 3168 detractione,
608 3091 820 3166 immutatione,
841 3091 1089 3164 transmutatione,

83 3174 143 3236 hoo
156 3175 313 3234 secundum
328 3176 481 3252 divisione,
499 3175 714 3255 complexione,
731 3175 920 3254 aspiratione,
935 3189 1008 3234 sono
1021 3188 1090 3232 con·

83 3243 192 3320 timeri?
230 3257 290 3317 Sed
311 3267 342 3318 ut
359 3276 449 3338 parva
472 3261 528 3320 sint
546 3260 635 3322 haec:
659 3259 742 3338 pueri
764 3259 907 3318 docentur
928 3254 1036 3330 adhuc,
1062 3261 1091 3314 et
1099 3262 1119 3320 'l'

83 3342 289 3420 grammaticos
318 3341 406 3403 ollicii
434 3345 478 3402 sui
506 3360 730 3406 commonemus.
762 3339 822 3401 Ex
849 3338 953 3419 quibus
976 3341 1000 3398 si
1026 3340 1089 3417 quis

85 3428 142 3488 erit
159 3423 247 3506 plane
266 3425 413 3505 impolitus
433 3435 463 3485 et
483 3429 658 3489 vestibulum
679 3424 765 3486 modo
786 3425 856 3483 artis
876 3423 987 3483 buius·
978 3439 1091 3502 ingres

85 3527 153 3572 sus:
173 3509 246 3571 intra
270 3509 359 3587 baec,
384 3526 458 3588 quae
479 3512 674 3592 profitentium
702 3506 947 3569 commentariolis
972 3507 1091 3585 vulgata

1263 3547 1281 3672 ,
