2608 3948
417 217 853 285 menonnronmnrun.
1079 211 1136 271 171

141 374 229 449 ionga
247 373 298 447 sit,
322 371 482 432 efficiemus
504 388 577 448 quas
594 373 753 450 poterimus
769 373 946 451 differendo,
965 391 1023 437 non
1044 386 1139 437 tamen

139 456 203 515 sine
219 456 364 516 mentione
381 471 495 529 eorum,
516 472 590 532 quae
608 454 789 516 differemus:
812 455 899 530 Quas
919 475 1035 522 eomas
1054 461 1138 522 orei-

138 537 237 601 deadi
250 539 402 615 babuerit,
418 553 494 616 auos
507 541 708 617 assumpserit
723 542 868 617 amasios,
884 543 1138 619 quemadmodum

138 623 327 702 disposuerit
350 621 500 698 insidias,
526 623 718 700 probationis
741 625 807 687 loeo
832 625 945 687 diram.
991 624 1179 698 Quaedam49

137 721 212 765 vero
230 723 268 766 ex
283 705 384 766 ordine
399 704 669 783 praetermittenda,
693 707 778 784 quale
794 716 840 768 est
854 709 930 787 apud
948 707 1135 770 Ciceronem·

137 786 272 851 Moritur
285 783 463 860 Fulcinium
481 791 577 850 malta
591 791 686 867 enim,
706 805 785 869 qnae
799 799 870 853 suni
886 793 919 853 irs
933 812 985 867 re,
1001 795 1075 872 qaia
1089 813 1137 856 re-

137 879 221 935 mota
239 881 309 933 sant
324 891 345 934 a
366 889 482 949 eausa,
509 874 763 953 prosternatione.
810 873 848 935 Et
872 877 988 954 partitio
1013 877 1137 938 taedium

138 954 233 1017 levat:
254 953 382 1034 Dicam,
404 971 485 1034 auae
498 965 572 1018 aeta
585 957 646 1018 sint
663 964 735 1018 ante
754 959 854 1037 ipsam
874 961 923 1020 rei
936 966 1135 1037 contractam,

138 1041 257 1117 diorum,
275 1042 401 1120 quasin
415 1041 549 1118 reipsa,
571 1041 690 1116 diram,
706 1056 786 1118 qaae
798 1048 919 1120 posteo.
949 1041 991 1103 Ita
1007 1052 1068 1103 tres
1083 1053 1179 1122 poto

138 1123 195 1182 tius
216 1123 348 1184 modicae
369 1124 549 1184 narrationes
573 1122 745 1183 videbuntur
767 1141 851 1202 quam
869 1142 926 1186 una
947 1124 1044 1202 longa.
1090 1127 1135 1186 In·
1258 1121 1262 1130 “

137 1208 221 1267 terim
243 1206 380 1286 expediet
401 1207 601 1285 expositiones
628 1205 709 1266 breui
734 1207 918 1266 interfatione
941 1207 1135 1284 distinguere:

135 1287 292 1368 Audistis,
316 1306 397 1368 qaae
411 1299 483 1352 ants
496 1297 570 1351 aeta
584 1297 670 1366 sant,
693 1291 825 1368 aecipite
838 1310 938 1368 nane,
959 1307 1039 1370 quae
1057 1293 1136 1353 inse-

138 1381 284 1451 quantur.
315 1372 474 1433 Redoietur
490 1373 564 1432 enirn
585 1372 672 1433 iudex
689 1375 817 1453 priorum
832 1373 888 1434 iine
908 1382 938 1434 et
957 1393 990 1434 se
1005 1374 1136 1435 velutad

137 1472 243 1516 nouum
258 1473 358 1516 rursus
373 1457 481 1516 initium
496 1455 689 1535 praeparabit.
719 1456 749 1517 st
765 1466 859 1517 tamen
871 1457 1005 1520 adhibitis
1018 1461 1177 1537 quoqueil

137 1538 182 1599 bis
199 1539 308 1600 artibus
323 1540 352 1599 in
368 1538 485 1618 longum
501 1541 605 1599 exierit
619 1540 690 1600 ordo
708 1558 820 1618 rerum,
838 1544 892 1600 erit
909 1559 967 1602 non
984 1542 1092 1602 inutilis
1107 1543 1136 1601 in

138 1630 267 1684 extrema
287 1631 370 1702 parts
393 1624 590 1692 commonitim
613 1623 689 1702 quod
706 1620 811 1684 cicero
828 1626 913 1686 etiam
932 1627 961 1684 in
974 1624 1057 1685 brevi
1072 1643 1134 1684 nar-

136 1708 248 1767 ratione
269 1707 354 1767 iesit:
380 1704 508 1784 Adduo,
533 1701 669 1784 Caesar,
691 1705 727 1780 0,
748 1706 894 1787 Liparias
915 1711 1007 1788 eulpa
1030 1715 1136 1776 sarsit

138 1791 226 1853 domo
245 1799 290 1853 est
304 1809 447 1870 epresmss
466 1809 527 1852 non
546 1792 636 1853 modo
649 1793 762 1853 nulium
782 1792 828 1852 ad
841 1792 950 1854 delium
969 1792 1027 1855 ssd
1038 1811 1078 1853 ne
1092 1793 1136 1854 ad

136 1875 293 1936 minimam
307 1875 431 1952 paidom
445 1874 516 1936 beidi
527 1875 730 1952 suspicionem
745 1883 774 1934 et
789 1884 897 1935 cetera.

225 1954 544 2031 Credibilis-autem
564 1959 619 2018 erit
640 1961 765 2019 narratio
786 1967 852 2018 ante
876 1960 986 2035 omnia,
1008 1960 1033 2018 si
1056 1959 1177 2037 priusbt

137 2041 366 2103 consuluerimus
381 2050 510 2102 nostrum
525 2043 656 2120 animum,
673 2060 709 2103 ne
728 2042 796 2124 quid
811 2051 929 2103 naturae
943 2043 1070 2103 dieamus
1086 2042 1134 2102 ad·

135 2142 267 2195 versum
289 2125 394 2187 deiude
415 2127 439 2186 si
455 2143 558 2189 saunas
573 2144 609 2189 ae
624 2129 752 2188 rationes
767 2127 852 2189 fastis
868 2127 1133 2206 praeposuerimus,

137 2225 195 2268 non
217 2209 346 2271 omnibus
369 2209 422 2273 sed
447 2210 609 2291 dequibus
632 2214 793 2290 quaeritur;
816 2213 841 2270 si
863 2227 1005 2289 personas
1027 2227 1133 2270 eonve-

137 2295 249 2354 nientes
272 2291 336 2370 his,
361 2312 435 2372 quas
457 2295 533 2355 faeta
554 2295 634 2355 oredi
654 2295 804 2370 volemus,
828 2294 1076 2369 constituerimus,
1104 2301 1134 2352 ut

137 2377 205 2438 furti
226 2394 307 2435 reum
331 2378 480 2455 cupidum,
504 2377 639 2438 adulterii
661 2378 860 2451 libidinosum,
879 2375 1025 2436 homicidii
1044 2384 1133 2435 teme·

137 2461 259 2534 rarium,
280 2458 330 2518 vel
351 2469 468 2536 eontra,
489 2462 514 2520 si
532 2461 739 2529 defendemus3
759 2467 914 2537 praeterea
935 2459 1001 2518 loea
1017 2468 1046 2519 et
1063 2467 1134 2518 tem-

138 2558 211 2622 pora
227 2550 256 2601 et
275 2541 319 2602 bis
335 2543 447 2603 similia.
484 2541 538 2602 Est
554 2552 649 2602 autem
665 2543 778 2620 quidam
794 2544 879 2600 etiam
895 2541 997 2602 duetus
1012 2543 1056 2600 rei
1072 2545 1177 2600 ere-bb

138 2625 250 2701 dibilis,
271 2625 366 2705 qualis
381 2628 410 2685 in
425 2625 584 2686 comoediis
606 2627 690 2685 etiam
706 2634 735 2685 et
750 2627 778 2684 in
793 2625 894 2684 mimis.
932 2624 1038 2704 Aliqua
1061 2625 1135 2684 enim

136 2709 306 2770 naturaliter
319 2717 480 2788 sequantur
495 2717 524 2769 et
540 2708 713 2785 cohaerent,
730 2717 775 2784 ut,
794 2709 819 2768 si
834 2708 931 2786 priora
947 2707 1022 2768 bene
1038 2725 1134 2770 narra·

136 2795 225 2871 veris,
244 2793 332 2854 iudex
348 2794 423 2871 ipse,
441 2792 520 2874 quod
537 2801 641 2871 postea
657 2793 697 2852 sis
713 2799 887 2868 narraturus,
906 2801 1052 2870 expectet.
1089 2791 1177 2852 Nebis

135 2877 208 2937 iilud
234 2875 349 2956 quidem
373 2877 460 2937 fuerit
485 2877 603 2953 inutile,
636 2876 745 2936 semina
770 2875 909 2954 quaedam
933 2875 1135 2954 probationum

137 2977 297 3039 spargere,
318 2977 418 3020 veram
434 2961 493 3038 sio,
516 2969 547 3020 ut
561 2961 753 3021 narrationem
769 2977 837 3019 esse
852 2961 1062 3020 meminerimus
1078 2975 1135 3019 non

136 3041 347 3122 probationem.
391 3043 599 3122 Nonnunquam
620 3051 715 3104 tamen
735 3044 820 3104 etiarn
844 3052 1012 3120 argumento
1036 3042 1134 3120 aliquo

138 3124 385 3203 confirmabimus,
411 3127 489 3207 quod
504 3129 758 3208 proposuerimus,
779 3125 833 3188 sed
847 3125 972 3205 simplici
993 3133 1022 3184 et
1040 3124 1134 3200 brevi,

136 3217 167 3271 ut
182 3210 211 3268 in
226 3209 391 3270 veneficiis:
413 3208 518 3274 Sanus
540 3211 629 3289 bibit,
648 3213 750 3274 statim
763 3210 913 3286 coaddit,
936 3209 1016 3270 livor
1031 3225 1071 3270 ae
1086 3215 1134 3270 ia·

136 3311 204 3356 mor
220 3294 378 3372 confestim
393 3301 438 3356 est
451 3296 615 3358 insecutas.
644 3293 708 3354 lios
725 3293 832 3354 faciant
849 3300 878 3351 et
894 3291 963 3353 illae
978 3300 1176 3371 praepara-sb

137 3377 247 3453 tiones,
272 3394 334 3437 oum
351 3395 419 3436 reus
437 3377 539 3438 dieitur
553 3377 706 3455 robustus,
730 3384 853 3436 armatus
872 3384 973 3436 eontra
994 3375 1132 3451 infirmos,
1286 3379 1287 3384 ’

137 3461 279 3538 inermes,
299 3476 431 3520 securos.
469 3459 567 3522 Omnia
588 3462 730 3540 denique,
751 3475 825 3537 quae
841 3458 1013 3537 probatione
1028 3468 1131 3521 traeta·
1152 3455 1287 3648 A
