2608 3948
332 235 875 303 nass.onnnon„u1stv,n.o.4.5.
1049 223 1110 288 193

106 409 160 461 aut
180 361 392 474 inveniendum,
415 396 493 476 quod
514 366 620 456 causae
641 402 746 471 postea
768 393 939 453 accesserit.
982 391 1142 467 Quommo

105 485 134 544 si
157 482 227 543 nihil
249 485 319 544 erit:
342 481 412 542 licet
433 489 528 540 tamen
543 479 642 538 dicere
662 477 768 537 multos
782 477 954 538 iudiciorum
971 495 1056 538 easus
1075 480 1112 540 ad
1220 501 1222 508 ’

104 569 207 646 inique
234 564 476 646 pronuntiandum
501 561 602 622 valere
629 561 756 640 ideoque
781 561 941 622 damnatum
963 561 1110 640 Rutilium,

105 650 261 711 absolutos
284 647 418 710 clodium
436 655 524 725 atque
542 643 702 706 Catilium.
737 643 871 724 Ropandi
887 647 973 706 stiam
987 647 1110 724 iudices,

104 745 139 794 ut
166 751 229 794 ram
255 736 354 812 potius
381 734 544 792 intueantur
563 731 671 808 ipsam,
699 745 784 806 quam
809 728 985 791 iuriiurando
1014 729 1110 792 alieno

105 836 192 877 suum
212 818 329 878 donent.
373 815 524 876 Adversus
540 811 672 874 consulta
694 821 788 873 autem
802 821 919 873 senatus
940 823 970 874 st
991 815 1139 880 decretas

105 902 270 980 principum
290 899 341 959 vel
362 901 578 977 magistratuum
597 894 756 966 remedium
777 896 885 956 nullum
908 907 968 974 est,
988 900 1043 958 nisi
1063 908 1112 960 aut

105 987 225 1044 inventa
243 983 494 1064 quantulacunque
510 995 617 1041 causae
632 980 795 1040 differentia
809 987 859 1041 aut
877 979 974 1060 aliqua
988 981 1038 1042 rel
1060 998 1110 1042 eo·

105 1054 228 1128 rtr'ndem
254 1067 303 1128 vel
334 1067 464 1128 eiusdem
491 1066 646 1144 potestatis
667 1061 813 1124 lrominum
833 1066 981 1142 posterior
1004 1068 1110 1126 consti·

104 1153 191 1228 tutio,
210 1169 284 1231 quae
299 1154 337 1211 sit
351 1152 442 1230 priori
458 1151 617 1216 nonnanis:
636 1163 711 1226 quse
731 1144 903 1223 rideamini,
918 1147 956 1208 lis
972 1165 1029 1209 uun
1045 1151 1109 1210 erit.

390 1317 434 1366 DE
452 1315 545 1366 FAMA
559 1313 669 1373 stetit
687 1312 832 1366 RUMORE.

191 1411 242 1472 111.
274 1411 416 1473 Famam
436 1421 525 1490 ,utque
545 1427 714 1471 rumores
737 1427 805 1489 pars
821 1411 913 1471 altera
937 1427 1112 1472 consensum

107 1497 233 1558 civitatis
250 1505 279 1556 et
295 1495 376 1556 velut
391 1494 537 1573 publicum
558 1495 752 1554 testimonium
766 1502 869 1570 vocat,
892 1493 984 1555 altera
1000 1511 1110 1555 sermo·

106 1597 173 1640 nem
189 1581 252 1640 sine
268 1577 330 1640 ullo
344 1579 426 1639 certo
438 1588 557 1638 auctore
570 1578 743 1656 dispersum,
762 1580 808 1637 cui
823 1578 987 1656 malignitas
1001 1580 1110 1639 initium

107 1664 235 1739 dederit,
258 1664 465 1723 incrementum
482 1661 653 1731 credulitas;
675 1661 753 1740 quod
765 1661 837 1722 nulli
852 1678 909 1721 non
927 1663 1012 1722 etism
1029 1663 1109 1722 inno·

108 1749 275 1808 cautissimo
287 1747 382 1826 possit
392 1746 527 1807 accidere
539 1745 827 1806 iraudeinimicorum
840 1743 1108 1822 laisavulgantium.

107 1829 249 1910 Exempla
264 1833 398 1908 nmisque
418 1847 475 1890 non
491 1830 621 1889 deerunt.

478 1996 520 2046 DE
537 1993 736 2047 TORMENTIS.

191 2093 240 2155 W.
272 2095 353 2155 Siout
374 2096 403 2154 in
424 2093 621 2164 tormentis
647 2109 780 2172 qnoque,
809 2092 858 2171 qui
879 2100 925 2152 est
944 2092 1028 2154 locus
1051 2091 1110 2152 ire-

109 2180 328 2257 quentissimus‚
352 2196 416 2238 cum
436 2196 504 2257 pars
524 2177 616 2239 altera
633 2178 833 2256 quaestionem
852 2193 923 2237 vera
936 2175 1045 2237 latendi
1059 2194 1109 2236 ne·

110 2263 275 2322 cessitatem
289 2271 388 2339 vocet,
410 2260 502 2323 altera
523 2279 615 2340 saepe
642 2261 727 2322 etiam
750 2278 866 2321 causam
887 2259 961 2322 laisa
984 2259 1109 2336 dicendi,

110 2345 186 2424 quod
209 2345 273 2405 aliis
296 2347 435 2424 patientia
456 2345 545 2406 facile
565 2344 746 2406 mendacium
766 2345 855 2405 iaciat
875 2343 939 2404 aliis
960 2344 1110 2403 infirmitas

109 2430 315 2488 necessarium.
346 2427 421 2503 Quid
438 2431 539 2488 attinet
553 2428 589 2489 de
603 2428 649 2487 his
664 2425 768 2506 plura?
798 2427 906 2488 Plenae
922 2437 988 2488 sunt
1003 2427 1109 2488 oratio·

109 2530 160 2572 nes
182 2520 315 2572 veterum
336 2529 371 2572 ac
392 2527 541 2571 novorum.
594 2509 742 2590 Quaedam
771 2521 868 2572 tamen
897 2511 926 2572 in
948 2510 1003 2571 lrac
1025 2518 1137 2590 penten

110 2604 192 2656 erunt
203 2597 321 2674 propria
334 2597 473 2673 cuiusque
485 2594 552 2655 litis.
583 2593 655 2654 Nam
667 2596 730 2655 sive
742 2593 779 2656 de
790 2593 924 2655 habenda
940 2597 1111 2674 quaestione
1154 2635 1161 2646 ·

109 2688 226 2757 agetur:
249 2678 401 2758 plurimum
411 2679 553 2755 intererit,
573 2680 636 2758 quis
653 2687 682 2739 et
698 2695 783 2758 quem
798 2676 929 2758 postulet
947 2685 996 2738 aut
1007 2678 1111 2739 oderat

110 2772 138 2824 et
160 2765 188 2823 in
210 2779 296 2842 quem
318 2771 407 2823 etex
428 2779 485 2842 qus
506 2779 608 2832 cansa;
633 2763 696 2821 sive
715 2763 772 2822 iem
796 2764 851 2822 erit
868 2760 979 2823 habita:
1002 2764 1066 2842 quis
1083 2761 1110 2822 ei

110 2847 278 2928 praefuerit,
298 2848 361 2926 quis
378 2856 407 2907 et
423 2846 567 2925 quomodo
584 2847 621 2906 sit
636 2854 740 2924 tortus,
755 2843 935 2907 incredibilia
952 2847 1057 2908 dixerit
1074 2864 1110 2907 an

110 2933 182 2991 inter
197 2949 230 2992 se
250 2933 425 3007 constantia,
443 2931 681 3010 perseveraverit
694 2931 722 2990 in
739 2946 792 3007 eo,
808 2930 886 3009 quod
902 2941 1056 3010 coeperat,
1073 2949 1109 2992 an

110 3013 215 3092 aliquid
231 3015 333 3076 dolore
349 3015 473 3091 mutarit,
492 3016 583 3094 prima
593 3023 677 3094 parte
693 3016 870 3093 quaestionis
883 3032 918 3076 an
928 3018 1109 3094 procedente

112 3096 248 3156 cruciatu.
286 3096 367 3172 Quae
383 3101 516 3178 utrinque
534 3108 590 3159 tem
611 3097 719 3158 infinita
744 3108 810 3159 sunt
832 3115 916 3177 quam
931 3101 995 3178 ipsa
1013 3115 1109 3158 rerum

110 3181 245 3240 varietas.

502 3295 544 3348 DE
563 3296 714 3350 TABULIS.

191 3388 227 3448 V.
260 3386 367 3449 (luntre
387 3388 530 3452 tabulas
547 3408 664 3471 quoque
681 3409 772 3471 saepe
787 3390 940 3452 dicendum
956 3399 1018 3465 est,
1044 3407 1108 3450 cum

111 3490 159 3535 eas
176 3489 235 3534 non
250 3472 344 3533 solum
364 3473 463 3534 relelli
482 3474 639 3538 sedetiam
660 3477 792 3537 accusari
815 3477 1029 3621 sciam11¹s3esse
1050 3475 1108 3538 usi·
1255 3481 1296 3712 p

150 3577 179 3616 u.
193 3579 216 3616 r.
234 3575 347 3626 otmunt..
