2608 3948
409 229 500 280 urso.
515 229 665 279 noanon.
679 230 813 298 n1n.111,
827 230 852 283 1.
1076 219 1136 284 105

506 493 685 560 LIBER
713 495 776 562 III.

128 641 205 696 Libro
221 641 297 693 tertio
314 639 379 690 hoec
394 639 568 689 continentur:
584 639 745 692 Prooemium
764 639 980 706 descriptoribus
998 647 1059 694 artis
1077 642 1136 694 rbe-

162 712 268 762 toricae.
309 708 384 768 Quod
406 708 507 758 initium
529 707 677 763 rhetorices.
719 707 790 768 Quse
812 716 909 776 partes.
949 708 1019 769 Quae
1040 727 1135 778 genere

164 793 307 832 causarum.
337 776 434 837 Quibus
455 777 613 828 contincatur
631 776 714 828 omnis
727 779 791 828 retio
808 777 918 829 dicendi.
948 778 1016 837 Quid
1033 781 1067 830 sit
1083 787 1135 834 ste-

164 857 214 899 tue.
239 847 313 899 Unde
325 847 439 898 ducatur.
468 844 533 904 Quot
548 847 628 910 etqui
644 853 734 897 status.
758 845 796 898 De
810 845 886 898 lende
902 858 925 900 et
938 849 1132 914 vituperatione.

163 917 202 968 De
221 917 337 967 suasoria
351 924 376 966 et
392 915 591 982 prosopopoeia.
620 913 658 964 De
675 914 792 980 partibus
811 931 945 968 censorum
963 917 1132 973 iudicialium.

163 986 201 1036 De
220 986 356 1052 generibus
375 985 521 1036 earundem.
554 982 620 1042 Quid
637 984 671 1034 sit
689 984 812 1048 quaestio,
830 986 905 1048 rotie,
924 986 1054 1049 iudicatio,
1075 1002 1134 1039 eon-

164 1057 261 1117 tinens,
279 1063 304 1107 ot
319 1061 442 1118 quatenns
460 1055 613 1104 necessaria.

202 1179 395 1233 PROOEMIUM
412 1179 455 1231 DE
475 1177 708 1230 SCRIPTORIBUS
727 1177 823 1230 ARTIS
841 1178 1058 1232 RHETORICAE.

128 1300 149 1361 l.
186 1265 329 1372 Quoniam
345 1299 375 1356 in
389 1296 464 1358 libro
481 1297 611 1358 secundo
628 1299 789 1376 quaesitum
807 1306 868 1374 est,
888 1297 956 1376 qnid
972 1307 1053 1358 esset
1066 1299 1133 1361 rbe-

128 1387 222 1445 torice
239 1382 348 1459 etquis
364 1381 427 1441 bnis
446 1383 523 1452 eius;
544 1390 635 1443 artem
651 1399 768 1461 quoqne
784 1399 851 1442 esse
867 1399 931 1443 eam
945 1390 974 1442 et
989 1383 1088 1443 utilem
1103 1392 1134 1443 et

128 1470 280 1541 virtutem,
298 1474 330 1524 nt
353 1466 431 1525 vires
450 1475 569 1527 nostrae
591 1466 733 1543 tnleront,
756 1467 947 1536 ostendimus;
970 1469 1132 1529 materiam·
1207 1521 1209 1525 .

129 1569 187 1630 qne
204 1553 231 1611 ei
245 1567 295 1608 res
314 1565 432 1626 omnes,
456 1550 493 1610 de
513 1549 616 1628 quibus
632 1549 732 1611 dicere
747 1560 917 1630 oporteret,
940 1552 1130 1612 subiecimus:

128 1637 185 1697 iem
204 1635 286 1710 binc,
315 1633 391 1694 unde
412 1636 560 1713 coeperit,
584 1633 687 1712 quibus
712 1641 843 1712 constet,
868 1652 926 1716 quo
948 1654 1081 1716 qnaeqne
1104 1638 1132 1694 in

129 1738 164 1781 ea
188 1720 275 1781 modo
301 1719 474 1780 invenienda
499 1725 586 1796 atque
609 1720 759 1781 tractanda
784 1721 859 1797 sint,
883 1737 1027 1800 exequar;
1058 1721 1132 1780 intra

129 1823 216 1884 quem
229 1803 345 1864 modum
364 1803 499 1884 plerique
518 1805 680 1882 scriptores
696 1803 809 1865 Artium
825 1805 1032 1880 constiterunt,
1056 1803 1130 1866 adeo

128 1898 160 1949 ιιι
175 1887 376 1968 Apollodorus
393 1897 546 1948 contentus
562 1887 634 1948 solis
655 1886 838 1948 iudicialibus
854 1888 951 1948 inerit.
988 1886 1052 1948 Nec
1069 1893 1156 1952 sumi

79 1999 85 2008 r
128 1973 265 2051 ignarus,
288 1971 346 2032 boc
362 1990 380 2033 a
394 1989 441 2032 me
456 1971 633 2051 praecipue,
656 1971 735 2050 qnod
748 1970 795 2032 hic
811 1971 886 2032 liber
901 1971 1033 2048 inchoat,
1057 1988 1131 2050 opus

128 2057 276 2117 studiosos
292 2057 354 2116 eins
370 2056 574 2131 desiderasse,
595 2064 626 2116 nt
647 2056 832 2134 inquisitione
851 2056 1032 2136 opinionum,
1056 2073 1132 2136 quae

129 2141 344 2202 diversissimae
360 2141 491 2217 inerunt,
513 2140 602 2219 longe
619 2140 835 2218 difficillimum,
855 2142 894 2202 ita
911 2141 1012 2201 nescio
1029 2158 1065 2200 an
1080 2142 1130 2200 mi·

127 2227 221 2286 nimae
235 2224 400 2302 legentibus
422 2225 547 2286 futurum
562 2225 719 2304 voluptati:
740 2227 849 2304 quippe
871 2225 949 2304 quod
965 2241 1059 2304 prope
1079 2242 1129 2284 nu·

128 2309 192 2370 dent
213 2317 438 2389 praeceptorum
460 2309 643 2369 traditionem
663 2308 821 2370 desideret.
869 2308 901 2369 ln
923 2310 1031 2370 ceteris
1055 2307 1157 2367 enimi

127 2394 291 2454 admiscere
311 2393 511 2471 temptavimus
533 2392 642 2470 aliquid
661 2393 779 2468 nitoris,
800 2410 858 2453 non
877 2393 1002 2454 iactandi
1022 2393 1131 2470 ingenii

127 2478 237 2554 gratia,
260 2492 383 2552 namque
405 2476 481 2536 inid
504 2475 574 2552 eligi
589 2477 709 2537 materia
730 2485 845 2555 poterat
865 2476 1001 2552 uberior,
1024 2476 1078 2536 sed
1100 2484 1131 2535 ut

128 2561 185 2621 hoc
207 2562 273 2639 ipso
295 2558 478 2619 alliceremns
494 2560 586 2636 magis
607 2561 784 2630 iuventutem
803 2560 841 2620 ad
861 2561 1059 2639 cognitionem
1079 2575 1130 2618 eo·

127 2662 205 2720 rum,
230 2660 305 2722 qnae
322 2642 490 2703 necessaria
506 2643 608 2703 studiis
622 2642 849 2719 arbitrabamur,
869 2645 893 2703 si
903 2644 987 2724 ,ducti
1001 2642 1129 2704 incundi·

127 2737 186 2789 tate
203 2727 299 2806 aliqua
316 2726 450 2787 lectionis
466 2725 602 2788 libentius
617 2725 764 2786 discerent
780 2744 831 2804 ea,
848 2744 969 2805 quornm
982 2745 1019 2788 ne
1035 2728 1130 2788 ieiuna

127 2823 214 2891 atque
239 2811 319 2872 arida
346 2811 462 2872 traditio
485 2817 632 2871 averteret
657 2811 767 2870 animos
793 2820 822 2871 et
849 2829 935 2872 eures
957 2814 1129 2893 praesertim

70 2895 72 2898 ’
125 2906 183 2957 tam
198 2897 339 2958 delicatos
355 2896 488 2972 raderet,
504 2893 687 2955 verebamur.
726 2892 789 2969 Qua
803 2897 916 2958 ratione
931 2914 965 2956 se
980 2897 1157 2959 Lucretiust

126 2981 196 3041 dicit
211 2987 371 3061 praecepta
387 2978 592 3059 philosophiae
609 2980 735 3039 carmine
751 2996 819 3040 esse
835 2980 1033 3062 complexum
1054 2998 1129 3041 num·

128 3081 185 3142 que
200 3064 270 3141 bac,
288 3074 320 3124 nt
335 3073 381 3125 est
395 3074 510 3142 nobem,
533 3063 717 3125 similitudine
732 3066 833 3126 utitur:

281 3163 319 3212 Ac
333 3163 412 3214 veluti
424 3165 512 3231 pneris
528 3162 657 3215 absinthio
672 3169 753 3222 taetre
770 3164 902 3216 medentes

281 3245 345 3297 (ium
360 3247 420 3298 dare
438 3253 574 3313 conentur,
590 3248 664 3314 prins
680 3259 738 3298 oros
752 3248 846 3314 pocula
862 3248 958 3298 circum

280 3329 403 3396 Aspiront
420 3331 503 3382 meliis
520 3331 590 3382 dulci
607 3332 725 3397 sseroque
743 3325 857 3398 liquore,

129 3420 159 3473 et
176 3429 252 3492 quae
271 3421 441 3492 sequuntur.
478 3414 539 3475 Sed
560 3432 614 3476 nos
636 3433 786 3491 veremur,
809 3433 846 3475 ne
869 3429 970 3493 parum
991 3407 1038 3472 bic
1059 3369 1157 3476 libero

126 3496 225 3557 mellis
248 3505 278 3558 et
293 3496 427 3558 absinthii
443 3498 562 3560 multum
580 3499 690 3561 babere
704 3498 854 3576 videatur,
878 3500 975 3580 sitque
988 3496 1133 3558 salubrior
