2592 3940
373 248 463 297 rusr.
487 248 637 299 cunnos.
659 251 729 298 nnn.
752 251 798 316 vs,
828 250 853 303 1.
1041 239 1103 302 253

98 404 253 466 contione:
277 403 383 462 crescit
401 403 521 473 invidia;
544 412 573 464 et
589 404 614 462 si
625 420 682 464 non
699 421 800 466 errore
815 421 871 466 nec
886 407 928 467 ira
939 406 990 468 vel
1005 408 1102 486 etiam,
1113 417 1145 475 li

98 490 125 549 si
143 488 221 549 forte
241 487 285 547 ira
308 485 362 546 sed
383 487 498 566 iniqua,
521 487 599 566 quod
622 487 864 567 permansisset,
884 489 963 568 quod
982 507 1104 570 respon-

98 573 208 647 disset,
228 568 306 647 quod
322 569 451 632 honores
467 581 568 632 contra
583 579 716 650 peteret,
736 581 765 632 et
787 574 812 631 si
827 573 894 651 plus
910 573 996 635 etiarn
1012 574 1106 635 maeri

98 662 199 735 potest
215 653 346 714 voluisse
362 673 447 734 quam
462 655 541 715 lecit.
586 653 740 716 Plurimum
758 661 853 716 tumen
869 656 954 718 affert
968 659 1106 720 atrocita-

98 739 136 800 tis
152 737 273 814 modus,
294 739 319 796 si
337 741 482 816 graviter,
498 740 524 800 si
540 739 766 801 contumeliose:
789 749 821 801 ut
837 739 1052 803 Demosthenes
1068 759 1107 802 ex

99 830 184 902 parte
199 822 334 900 percussi
352 823 504 902 corporis,
524 839 563 882 cx
576 822 658 882 vultu
680 822 828 901 ieaientis,
851 841 889 884 ex
913 824 1011 886 lrabitu
1034 827 1104 886 invi·

99 907 176 968 diam
190 903 295 965 llitliae
312 908 434 984 quaerit.
470 904 592 966 Occisus
603 915 696 966 utrum
708 907 788 968 ierro
801 925 837 968 an
851 909 919 986 igne
930 926 967 970 an
977 925 1103 987 veneno,
1115 913 1149 968 18

99 1005 157 1050 uno
178 989 299 1049 vulnere
318 1007 354 1050 an
372 989 520 1069 pluribus,
541 989 637 1051 subito
662 1009 699 1052 an
721 993 927 1070 expectatione
945 1001 1050 1070 tortus,
1070 993 1107 1054 atl

99 1073 175 1134 hanc
193 1081 307 1152 partem
325 1075 447 1134 mamare
463 1075 599 1154 pertinet.
643 1073 739 1135 Utitur
759 1075 930 1153 frequenter
951 1087 1107 1138 accusator

102 1165 131 1216 et
149 1157 353 1234 miseratione,
377 1175 441 1218 cum
466 1166 515 1218 aut
537 1159 600 1218 cius
621 1173 738 1233 casum,
765 1175 850 1236 quem
872 1159 1038 1235 ulciscitur,
1059 1169 1107 1220 aut

100 1239 260 1301 liberorum
282 1258 316 1301 ac
346 1241 506 1318 parentium
534 1239 746 1301 solicitudinem
771 1241 969 1321 conqueritur.
1012 1240 1107 1304 Etiam
1115 1248 1149 1302 19

100 1324 189 1384 futuri
209 1325 349 1402 temporis
376 1324 500 1400 imagine
520 1323 632 1384 iudices
653 1332 768 1402 movet,
791 1342 866 1403 quae
892 1334 1106 1403 mercantem,

101 1409 151 1486 qui
169 1406 207 1467 tle
222 1407 250 1464 ri
267 1414 297 1464 et
311 1405 412 1466 iniuria
430 1407 526 1484 questi
547 1414 628 1482 sunt,
656 1408 710 1467 nisi
728 1407 924 1478 vindicentur;
941 1408 1108 1487 inplendum

101 1490 138 1550 tle
154 1491 290 1566 ciuitate,
307 1489 468 1551 cedendum
482 1489 566 1550 bonis
580 1498 629 1548 aut
641 1493 753 1568 omnia,
771 1509 963 1572 quaecunque
976 1493 1107 1554 inimicus

100 1574 223 1649 iecerit,
246 1572 431 1652 perierentla.
476 1573 536 1633 Sed
555 1575 672 1652 saepius
688 1574 718 1635 iul
746 1583 791 1635 est
810 1577 1007 1653 accusatoris,
1024 1583 1150 1637 aver-20

100 1666 165 1717 tere
185 1657 308 1718 iudicem
332 1675 348 1716 a
370 1657 572 1735 miseratione,
595 1675 738 1735 quarens
763 1660 801 1718 sit
822 1676 941 1736 usurus,
962 1668 1049 1739 atque
1072 1658 1108 1719 ad

101 1740 218 1801 fortiter
232 1740 412 1801 iudicandum
425 1743 583 1800 concitare.
615 1738 703 1801 Cuius
716 1743 774 1802 loci
791 1751 837 1801 est
848 1743 933 1802 etiam
947 1759 1106 1820 occupare,

102 1841 178 1903 quae
194 1823 335 1885 (lictorum
349 1824 529 1884 facturumve
545 1825 740 1886 adversarium
759 1835 855 1903 putes.
900 1825 973 1886 Nam
993 1835 1024 1885 et
1040 1844 1107 1886 can·

11 1939 12 1942 ¹
101 1910 194 1968 tiores
215 1908 252 1968 ad
274 1906 434 1967 custodiam
450 1925 520 1968 suae
542 1907 693 1986 religionis
712 1909 824 1969 iudices
845 1909 915 1969 lucit
938 1918 967 1968 et
986 1911 1107 1986 gratiam

102 1991 290 2071 responsuris
316 1991 425 2066 aufert,
450 2009 514 2051 eum
535 2007 570 2050 ea
590 1991 739 2070 praedicta
767 2000 833 2052 sunt
858 1991 894 2052 alr
919 2001 1105 2060 accusatore;

101 2077 173 2150 ianr,
196 2073 221 2134 si
243 2091 297 2154 pro
320 2091 373 2136 reo
394 2084 547 2153 petentur,
571 2091 628 2135 non
648 2076 704 2135 sint
724 2092 816 2136 nova:
837 2085 869 2136 ut
894 2076 1013 2136 Servius
1043 2075 1106 2136 Sul·

102 2159 196 2238 picius
213 2167 314 2220 contra
331 2157 490 2236 Aufidiam,
511 2176 548 2219 rie
569 2161 762 2237 signatorum,
786 2177 822 2220 ne
843 2159 935 2239 ipsius
954 2159 1107 2220 discrimen

103 2241 257 2302 obiiciatur
286 2242 357 2318 sibi,
383 2253 562 2320 praemonet.
607 2241 748 2303 Necnon
773 2242 809 2303 ab
838 2242 1003 2318 Aeschine,
1031 2243 1108 2321 quali

103 2327 141 2386 sit
162 2342 267 2384 usurus
289 2324 504 2385 Demosthenes
533 2329 665 2400 actione,
683 2326 861 2403 praedictum
877 2333 931 2386 est.
975 2325 1109 2387 Ducendi

104 2425 222 2488 qnoque
238 2408 351 2468 interim
363 2407 493 2484 iudices,
510 2409 578 2486 quid
590 2407 759 2484 rogantibus
774 2407 956 2488 respondere
967 2407 1107 2477 debeant;

105 2492 183 2572 quod
200 2501 246 2552 est
261 2509 346 2551 unum
361 2493 541 2569 repetitionis
557 2509 659 2568 genus.

189 2574 477 2635 Periclitantem
506 2591 577 2633 vero
605 2574 784 2642 commendat
808 2574 931 2652 dignitas
961 2583 990 2634 et
1017 2574 1150 2635 studiant

104 2660 192 2719 lortia
219 2667 248 2718 et
270 2667 426 2736 susceptae
452 2657 532 2718 bello
560 2659 711 2718 cicatrices
739 2665 768 2716 et
790 2656 925 2718 nobilitas
957 2666 986 2717 et
1008 2659 1110 2718 merita

104 2743 253 2802 maiorum.
298 2740 380 2816 Hoc,
398 2742 475 2821 quod
496 2742 628 2819 proxime
652 2740 726 2816 ulixi,
752 2737 857 2800 cicero
884 2749 972 2820 atque
993 2740 1110 2802 Asinius

19 2827 24 2832 '
106 2827 237 2888 certatim
253 2833 319 2886 sunt
333 2826 396 2901 usi,
412 2842 465 2904 pro
481 2825 593 2886 Scauro
612 2832 694 2903 patre
709 2825 757 2885 hic
772 2822 824 2884 ille
839 2841 893 2904 pro
909 2823 980 2886 lilio.
1026 2824 1153 2886 Com-22

105 2909 220 2970 mandat
235 2918 264 2970 et
281 2927 368 2970 causa
385 2907 525 2988 periculi,
539 2910 563 2968 si
578 2909 747 2987 suscepisse
762 2905 923 2970 inimicitias
936 2909 975 2970 ob
992 2906 1111 2988 aliquod

106 2992 213 3053 iactum
227 2992 380 3054 honestum
397 2992 529 3062 videtur;
553 2993 711 3072 praecipue
729 2991 861 3069 bonitas,
878 2993 1046 3068 humanitas,
1059 2994 1110 3052 nri·

107 3074 277 3135 sericortlia.
322 3076 428 3137 Iustius
450 3077 524 3138 enirn
544 3085 613 3137 tunc
628 3085 731 3156 petere
754 3093 788 3136 ea
813 3079 936 3156 quisque
958 3075 1110 3136 videtura

106 3157 219 3233 iudice,
243 3175 317 3236 quae
338 3160 402 3219 aliis
428 3161 492 3238 ipse
514 3162 702 3241 praestiterit.
752 3159 919 3220 Referenda
943 3177 1011 3238 pars
1037 3159 1110 3220 haec

109 3246 227 3322 quoque
249 3242 284 3303 ad
307 3241 457 3302 utilitatem
477 3243 694 3322 reipublicae,
715 3247 751 3308 ad
771 3243 895 3304 iudicum
911 3243 1051 3322 gloriam,
1075 3242 1110 3303 ad

109 3323 290 3405 exemplum,
306 3327 523 3387 admemoriam
543 3331 733 3407 posteritatis.
776 3327 930 3388 Plurimum
952 3335 1046 3388 tamen
1061 3323 1153 3388 va-23
1209 3381 1232 3411 ,ι

109 3410 152 3472 let
165 3411 329 3488 miseratio,
343 3427 417 3490 quae
430 3407 552 3471 indicem
563 3429 621 3472 non
636 3411 714 3472 flecti
726 3419 833 3472 tantum
847 3413 927 3490 cogit
937 3412 990 3473 sed
1003 3405 1110 3472 motum

111 3510 228 3575 quoque
243 3495 327 3556 animi
350 3496 395 3555 sul
415 3493 540 3556 lacrimis
562 3496 703 3557 conliteri.
747 3494 828 3556 llaec
849 3505 984 3576 patentur
1004 3505 1052 3557 aut
1073 3513 1112 3555 ex
