2608 3948
179 205 237 270 180
496 197 540 268 n(
550 220 627 268 ssu.
644 218 865 278 outnurnmnr

176 377 233 438 lius
258 376 337 437 circa
368 373 493 435 verbera
522 375 594 434 ciris
617 371 737 432 Romani
758 389 858 433 omnes
883 373 1057 434 brevissime
1082 382 1184 436 movet

177 461 316 537 allectus,
339 476 397 519 non
413 458 507 518 solum
522 457 694 517 condicione
709 457 815 535 ipsius,
837 457 905 518 loco
918 459 1053 535 iniuriae,
1069 475 1184 536 genere

175 544 341 620 verberum,
356 543 409 603 sed
422 544 506 602 animi
522 557 638 619 quoque
651 537 919 602 commendatione?
948 541 1091 603 Summum
1107 544 1184 602 enim

175 629 267 688 virum
285 627 426 702 ostendit,
448 627 512 703 qui,
536 642 600 684 oum
614 626 705 703 virgis
722 625 909 701 caederetur,
927 642 985 684 non
999 627 1182 704 ingemuerit,

176 729 234 772 non
248 713 412 789 rogaverim
437 709 490 768 scd
511 717 619 769 tantum
640 711 734 770 civem
749 709 909 770 Romanum
929 727 1044 770 essese
1063 728 1128 770 oum
1140 712 1182 769 in-

119 797 253 865 lltvidia
269 794 416 857 caedentis
433 802 462 852 et
477 790 581 853 iiduoia
597 794 667 854 iuris
683 793 861 854 clamaverit.
905 789 1001 868 Quid?
1022 793 1184 855 Philodami

176 897 274 940 casum
289 895 384 937 nonne
406 894 469 936 cum
488 893 542 954 per
565 885 654 936 totam
677 878 891 955 expositionem
912 877 1039 938 incendit
1064 877 1182 955 invidia,

175 973 234 1022 tum
248 963 277 1020 in
289 960 434 1039 supplicio
450 960 515 1038 ipso
533 959 658 1020 lacrimis
674 960 819 1038 implevit,
841 980 905 1021 cum
927 961 1031 1022 dentes
1049 978 1109 1022 non
1125 970 1184 1022 tam

175 1053 306 1106 narraret
320 1061 406 1124 quam
427 1043 613 1120 ostenderet,
636 1052 747 1122 patrem
767 1042 804 1104 de
828 1053 921 1104 morte
944 1045 1011 1121 tilii,
1035 1046 1124 1106 tilium
1146 1044 1184 1105 de

117 1125 288 1208 lltpatris‘l
322 1127 397 1202 Quid
417 1127 469 1188 ulli
489 1127 600 1206 epilogi
614 1129 850 1206 possunt-magis
866 1127 978 1188 babere
993 1124 1185 1190 miserabile?

175 1213 279 1274 Serum
302 1221 348 1272 eat
369 1213 444 1273 enim
460 1212 606 1273 advocare
622 1211 667 1271 his
686 1211 774 1271 rebus
791 1213 925 1273 allectum
938 1213 968 1272 in
981 1215 1183 1292 peroratione,

174 1314 246 1377 quas
260 1315 383 1358 securus
400 1297 579 1364 narraverim
601 1297 730 1356 assuevit
744 1295 803 1357 illis
818 1296 906 1358 iudex
921 1297 1035 1377 iamque
1052 1315 1102 1358 cas
1119 1299 1185 1358 sinc

174 1390 253 1441 motu
268 1382 372 1440 mentis
388 1381 511 1457 accipit,
528 1379 631 1458 quibus
648 1389 807 1440 commotus
824 1382 908 1441 novis
922 1397 981 1440 non
996 1390 1057 1457 est,
1083 1390 1112 1441 et
1127 1381 1184 1442 dii·
1288 1383 1289 1386 ’

174 1464 252 1525 boile
270 1473 315 1523 est
330 1463 415 1522 nobis
430 1471 542 1524 mutare
557 1464 642 1522 animi
658 1462 785 1524 habitum
799 1465 891 1525 semel
908 1465 1104 1526 constitutum.

116 1563 167 1617 116
258 1545 324 1624 Ego
335 1562 408 1605 vero
422 1545 534 1625 (neque
548 1548 622 1607 enim
631 1547 819 1608 dissimulabo
832 1549 966 1610 iudicium
975 1565 1080 1626 meum,
1094 1567 1185 1628 quan-

174 1649 259 1709 quam
280 1630 325 1706 id,
351 1629 510 1710 quodsum
536 1631 681 1707 dicturus,
707 1632 850 1711 exemplis
871 1635 964 1710 magis
986 1650 1071 1712 quam
1097 1650 1182 1712 prac-

174 1715 269 1794 ceptis
289 1715 357 1775 ullis
374 1715 552 1794 continetur)
568 1717 772 1793 narrationem,
788 1725 819 1776 nt
835 1717 859 1776 si
876 1716 965 1776 ullam
983 1727 1096 1795 partem
1117 1734 1183 1777 ora·

173 1800 279 1875 tionis,
304 1801 380 1860 omni
404 1815 460 1878 qua
480 1808 580 1879 potest
600 1799 692 1877 gratia
714 1809 743 1860 et
766 1818 875 1861 uenere
891 1801 1088 1861 exornandam
1099 1809 1181 1880 puto.

174 1883 234 1944 Sed
249 1883 401 1962 plurimum
416 1883 521 1960 refert,
536 1901 611 1962 quae
625 1885 662 1944 sit
677 1893 777 1945 natura
794 1887 855 1944 eius
871 1887 915 1944 rci
924 1930 932 1961 ,
951 1903 1036 1964 quam
1051 1902 1183 1964 expone·

118 1975 244 2030 lllmus.
285 1967 317 2028 ln
337 1971 435 2047 parvis
464 1985 553 2044 ergo,
583 1968 686 2047 quales
714 1977 778 2029 sunt
799 1968 863 2028 iere
895 1970 1043 2048 privatae,
1069 1970 1106 2029 sit
1130 1968 1184 2030 illc

173 2069 295 2130 pressus
311 2061 341 2110 et
355 2051 436 2111 velut
453 2051 608 2129 applicitus
625 2053 669 2110 rei
685 2053 796 2120 cultus;
816 2054 845 2112 in
865 2051 966 2113 verbis
990 2071 1100 2113 summa
1116 2052 1169 2114 dili

173 2135 287 2211 gentia;
301 2135 415 2210 quaein
427 2133 501 2192 locis
515 2135 623 2211 impetu
634 2134 767 2195 feruntur
780 2144 809 2195 et
824 2137 1030 2198 circumiectae
1042 2137 1183 2197 orationis

174 2216 260 2294 copia
282 2216 387 2290 latent,
409 2215 457 2275 bic
481 2233 623 2294 expressa
646 2227 693 2294 et,
715 2227 746 2278 ut
766 2218 828 2281 vult
850 2218 947 2296 Zeno,
973 2239 1067 2282 acccc
1086 2223 1184 2282 tincta

174 2317 242 2360 esse
263 2298 424 2367 debebunt;
454 2301 627 2378 compositio
655 2301 834 2364 dissimulata
862 2304 977 2383 quidem
1006 2305 1059 2366 sed
1086 2313 1184 2364 tamen

116 2388 259 2463 nequam
275 2383 493 2453 iucundissima;
509 2383 620 2461 ligurae
641 2403 700 2446 non
719 2386 788 2446 illae
810 2390 947 2466 poeticae
969 2397 999 2448 et
1020 2396 1120 2448 contra
1136 2406 1182 2448 ra·

173 2471 281 2528 tionem
303 2467 441 2547 loquendi
463 2469 636 2529 auctoritate
658 2480 790 2531 veterum
804 2481 962 2551 receptas,
986 2472 1072 2551 (nam
1094 2471 1183 2533 debet
1288 2509 1289 2512 =

175 2571 242 2613 esse
265 2569 350 2632 quam
371 2553 540 2630 purissimus
567 2556 685 2634 sermo)
709 2554 762 2614 sed
786 2571 861 2632 quac
887 2556 1029 2616 varietate
1056 2557 1183 2617 taedium
1288 2623 1289 2626 Ἴ

175 2637 314 2714 effugiant
339 2645 369 2695 et
389 2635 594 2696 mutationibus
617 2639 738 2697 animum
756 2638 869 2710 levent;
890 2657 928 2699 ne
949 2640 979 2699 in
996 2639 1119 2701 eundem
1134 2657 1182 2700 oa·

175 2737 251 2794 sum,
270 2719 392 2779 similem
413 2721 670 2798 compositionem,
694 2740 782 2800 pares
798 2722 994 2784 elocutionum
1014 2733 1122 2785 tractus
1140 2725 1182 2782 in·

175 2802 313 2861 cidamus.
356 2801 540 2862 canetenim
565 2807 671 2865 ceteris
697 2806 851 2868 lenociniis
878 2809 1025 2886 expositio
1053 2817 1099 2883 et,
1126 2808 1181 2867 nisi

14 2927 15 2932 η
118 2885 391 2946 119commendetur
404 2885 460 2944 bac
474 2896 638 2965 venustate,
656 2891 753 2951 iaceat
774 2907 899 2951 necesse
918 2900 972 2951 est.
1004 2890 1067 2953 Nec
1081 2891 1182 2952 inulla

175 2976 258 3047 parte
282 2969 421 3027 intentior
441 2977 486 3028 est
507 2969 611 3048 iudex,
639 2990 735 3052 eoque
758 2974 828 3034 nihil
856 2984 938 3035 recte
961 2975 1068 3036 dictum
1094 2976 1180 3054 perit.

174 3053 330 3112 Praeterea
353 3052 455 3112 nescio
478 3056 622 3131 quomodo
646 3059 731 3118 etiam
752 3058 846 3118 credit
868 3059 1002 3136 facilius,
1033 3077 1108 3138 quae
1132 3075 1182 3118 au·

117 3137 264 3198 tiodienti
280 3137 403 3198 iucunda
417 3145 497 3215 sunt,
516 3147 545 3197 ct
559 3141 709 3220 voluptate
725 3141 761 3200 ad
779 3141 863 3201 iidem
881 3143 1005 3204 ducitur.
1036 3143 1092 3203 Ubi
1107 3160 1181 3203 vero

173 3222 265 3281 maior
285 3239 335 3281 res
360 3223 431 3281 erit:
460 3230 490 3282 et
511 3228 623 3284 atrocia
643 3224 786 3284 invidiose
809 3234 837 3286 et
860 3227 952 3287 tristia
975 3227 1183 3288 miserabiliter
1288 3255 1289 3260 ¹

177 3303 276 3365 dicere
299 3305 429 3374 decebit;
460 3323 517 3366 non
537 3315 569 3365 nt
591 3317 794 3368 consumantur
815 3310 938 3371 allectus
958 3311 1011 3372 sed
1031 3321 1062 3372 nt
1086 3321 1182 3372 tamen

177 3389 257 3464 velut
278 3391 377 3469 primis
401 3391 485 3450 lineis
508 3389 695 3468 designentur
719 3401 748 3452 et
768 3394 871 3473 plane,
902 3394 996 3473 qualis
1022 3395 1116 3456 futura
1144 3396 1183 3454 sit

119 3481 168 3536 tlt
178 3471 272 3549 imago
288 3477 347 3552 rei,
371 3476 467 3535 statim
484 3484 633 3552 appareat.
670 3475 715 3536 Ne
731 3478 873 3540 sententia
891 3478 1006 3558 quidem
1019 3479 1101 3540 velut
1116 3478 1170 3539 lati
