2608 3948
229 211 288 275 148
542 222 903 282 numentanorum

200 376 407 446 ucredlbiliter
420 386 528 457 potest.
555 376 588 438 ln
596 376 724 438 iudiciali
740 385 834 437 autem
848 377 968 438 materia
979 375 1134 456 dupliciter
1148 380 1232 440 acci-

225 463 331 544 pienda
352 471 413 523 est:
442 459 660 535 altercando,
684 477 742 540 quo
766 460 886 520 dicimus
907 459 1011 522 inultas
1036 461 1231 540 quaestiones

224 546 335 608 hahere
351 545 595 619 onocrotalum,
613 559 670 622 quo
687 545 773 604 etium
787 545 914 604 minores
933 558 1034 606 omnes
1052 543 1230 623 complecti-

224 631 302 706 r‘nur,
325 630 436 706 altero,
453 645 511 709 quo
528 627 722 706 significamus
738 643 874 688 summurn
890 627 984 704 illum,
1008 627 1036 686 in
1056 645 1113 707 qua
1136 644 1230 689 causa

224 714 361 781 vertitur;
383 713 422 776 de
441 713 496 774 lrac
516 729 592 772 nuno
611 711 735 790 loquor,
758 727 797 771 ex
818 727 874 790 qua
895 712 1022 772 nascitur
1037 719 1147 788 status,
1179 712 1229 771 An

198 797 331 858 electum
343 792 402 857 siti
427 795 502 870 Quid
517 797 624 857 iactum
638 791 697 855 siti
721 793 768 854 An
781 803 865 855 recte
879 794 986 856 lactum
998 791 1058 855 sitl
1080 793 1139 856 llas
1150 793 1229 856 ller-

222 897 357 956 napuras
379 888 410 938 et
432 878 632 958 Apollodorus
656 887 685 938 et
708 877 757 938 alii
779 876 893 957 plurimi
917 879 1078 957 scriptores
1103 881 1228 957 proprie

222 965 417 1042 quaestiones
430 972 552 1038 vocant,
573 961 765 1038 Theodorus,
787 969 819 1022 ut
833 961 910 1038 dixi,
929 963 1037 1040 cupita
1049 965 1227 1041 peroratio,

222 1047 299 1107 sicut
320 1046 386 1107 illas
400 1048 527 1108 minores
543 1055 591 1108 aut
606 1065 645 1106 ex
659 1045 718 1108 illis
734 1044 898 1124 pendentes
911 1047 1073 1124 specialia.
1106 1044 1179 1108 Nam
1196 1057 1228 1106 ct

222 1132 423 1210 quaestionem
444 1150 483 1192 ex
501 1133 673 1209 quaestione
694 1130 826 1190 nesciet
848 1130 981 1208 speciem
999 1130 1027 1188 in
1044 1131 1161 1208 species
1182 1131 1226 1190 di-

195 1213 279 1275 avidi
300 1216 446 1275 convenit.
482 1214 563 1274 lianc
587 1215 675 1291 igitur
697 1214 898 1291 quaestionem
918 1212 1010 1275 veluti
1032 1212 1227 1292 principalem

220 1307 328 1358 roouut
342 1293 462 1376 ζήτημα.
491 1297 600 1358 llatio
616 1306 712 1358 autem
727 1304 790 1372 cst,
811 1313 867 1375 qua
882 1296 922 1373 id,
938 1295 1015 1375 quod
1030 1296 1137 1358 facturn
1149 1315 1225 1364 ,esse

222 1389 345 1457 conam,
361 1381 535 1442 defenditur.
567 1379 605 1440 lit
621 1398 672 1440 cur
688 1395 746 1440 noo
761 1389 873 1442 utamur
889 1379 1004 1457 codena,
1022 1397 1080 1460 quo
1096 1390 1161 1445 sunt
1176 1385 1225 1440 usi

220 1480 322 1524 ornnes
338 1465 418 1541 iere,
440 1460 601 1543 exemplo?
633 1461 756 1528 Orestes
774 1471 902 1526 monem
921 1465 1055 1542 occidi,
1073 1465 1130 1527 lroc
1151 1481 1222 1525 oon·

220 1557 289 1617 stat;
313 1547 383 1608 dicit
401 1567 437 1610 ae
452 1550 531 1610 iuste
549 1549 680 1627 fecisse:
702 1555 793 1607 status
814 1550 870 1610 erit
890 1547 1053 1626 qualitatis;
1074 1550 1221 1628 quaestio,

218 1628 268 1693 Aa
294 1633 375 1694 iuste
398 1632 532 1711 fecerit?
565 1632 657 1708 ratio,
689 1628 779 1704 Quod
806 1629 1049 1712 Clytaemnestra
1077 1633 1222 1697 maritum

162 1770 165 1776 .
218 1735 324 1792 suum,
338 1723 460 1795 putrem
477 1714 610 1793 Οναιιία,
630 1715 760 1782 occidit,-
780 1714 838 1775 hoc
856 1714 951 1776 cirson
968 1715 1082 1778 dicitur.
1112 1709 1219 1796 Καινό-

218 1819 307 1878 pauco
326 1809 421 1861 autern
441 1800 641 1875 iudicatio,
661 1795 710 1860 Aa
725 1801 895 1878 oportuerit
912 1801 962 1860 oel
978 1807 1135 1862 nocentem
1151 1818 1218 1860 ma-

191 1889 293 1948 tirem
311 1904 332 1946 a
345 1885 409 1963 filio
428 1885 550 1946 occidi?
583 1882 705 1956 Quidam
721 1882 880 1943 diviserunt
894 1883 1015 1944 αἴτιον
1031 1891 1060 1942 et
1076 1881 1219 1959 cirico,

218 1975 250 2028 ιιι
272 1977 353 2028 esset
374 1968 486 2044 altera,
506 1975 733 2046 propterquam
754 1965 887 2026 iudicium
907 1968 1168 2043 constituturum,
1190 1977 1220 2026 ut

217 2053 323 2113 occisa
344 2049 605 2132 Otprcemccsrro,·
638 2050 747 2125 altera,
773 2067 831 2128 qua
850 2049 957 2112 iactum
979 2049 1159 2126 defenditur,
1189 2060 1218 2110 ut

216 2136 340 2195 occissus
353 2130 569 2213 Apumemnoo.
600 2133 661 2194 Sed
685 2141 763 2194 tanta
786 2141 831 2192 est
853 2134 933 2194 circa
952 2133 1045 2194 verba
1060 2132 1217 2210 dissensio,

217 2225 248 2275 ut
266 2216 314 2276 alii
331 2217 429 2277 olrico
439 2234 568 2278 oausam
582 2218 704 2293 iudicii,
722 2215 818 2278 αἴτιον
832 2225 928 2276 autern
939 2218 1018 2296 faeti
1030 2225 1151 2293 vocent,
1168 2219 1218 2278 alii

218 2299 318 2361 eadem
333 2302 362 2360 ln
378 2301 553 2361 contrarium
564 2308 697 2363 uariante
711 2297 876 2360 Latinorum
887 2300 1001 2378 quidam
1015 2300 1090 2361 haec
1100 2302 1217 2364 irritium

217 2391 246 2443 et
266 2385 416 2446 rationem
436 2392 632 2461 vocaverunt,
661 2382 776 2463 qnidam
798 2393 950 2463 utrumque
975 2383 1079 2446 eodem
1101 2386 1216 2445 nomine

189 2466 373 2547 iappcllant.
404 2465 499 2530 causa
517 2483 634 2548 quoque
650 2483 808 2544 excausa,
831 2466 922 2528 idest
942 2467 1038 2528 αἴτιον
1060 2465 1089 2543 ἐξ
1109 2467 1214 2544 αἰτίαν,

215 2552 446 2630 rescindetur,
472 2552 560 2632 quale
583 2560 642 2613 est:
671 2548 793 2614 Occidit
813 2548 1069 2629 Apumemnoaerrs
1094 2549 1215 2632 Ulpiae-

214 2644 365 2714 manua,
382 2638 456 2715 quia
470 2638 522 2698 ille
534 2635 632 2715 filiam
648 2653 834 2698 communem
849 2636 1060 2720 imotolaperut
1073 2645 1101 2700 et
1115 2639 1215 2716 capti-

213 2735 284 2780 vam
297 2721 437 2798 pellicem
451 2721 638 2783 adducebat.
674 2718 765 2781 lidem
785 2728 900 2800 putant,
926 2729 957 2782 et
976 2720 1030 2781 sub
1049 2739 1105 2781 una
1125 2738 1214 2799 quae·

215 2801 310 2861 stione
325 2803 425 2880 plures
450 2820 518 2864 esse
535 2805 682 2880 rationes,
706 2812 737 2864 ut
754 2805 779 2864 si
795 2802 915 2864 Orestes
932 2811 962 2863 et
976 2802 1096 2866 alteram
1113 2805 1214 2864 ailerat

215 2901 332 2945 canem
351 2887 603 2964 maturascens,
621 2889 706 2967 quod
726 2889 882 2967 responait
895 2889 935 2948 ait
952 2888 1122 2966 imputem
1143 2897 1214 2965 quot
1278 2941 1279 2963 ξ

215 2977 311 3030 autem
327 2986 431 3031 causas
446 2968 573 3034 faciendi
587 2971 708 3033 totidem
722 2970 924 3044 iudicationes,
941 2987 1006 3030 narn
1023 2970 1143 3031 ethaeo
1158 2973 1214 3029 erit
1277 3021 1278 3053 q

187 3052 368 3130 liudioutio,
385 3050 435 3115 Aa
450 3057 607 3136 responsis
618 3073 735 3135 parere
749 3053 910 3114 debuerit?
936 3053 996 3114 Sed
1011 3063 1041 3115 et
1055 3071 1111 3116 una
1126 3071 1212 3114 causa
1276 3095 1277 3141 q

214 3137 315 3216 plures
335 3135 447 3199 haltere
466 3142 654 3218 quaestiones
674 3146 703 3197 et
720 3135 911 3198 iudicationes
934 3137 982 3216 (ut
998 3155 1056 3216 ego
1072 3137 1210 3216 arbitror)
1275 3171 1276 3231 p

214 3230 330 3300 potest,
359 3232 391 3282 ut
409 3225 439 3283 in
460 3240 514 3300 eo,
538 3224 605 3301 qui,
627 3239 691 3281 oum
710 3220 870 3283 adulteram
894 3221 1107 3300 deprehensam
1133 3223 1211 3281 occi·

154 3321 155 3326 ¹
214 3304 322 3382 disset,
339 3305 515 3381 adulterum,
533 3307 581 3383 qui
596 3314 655 3364 turn
670 3304 829 3383 effugerat,
847 3315 952 3385 postca
967 3308 995 3364 in
1010 3305 1077 3365 foro
1094 3304 1209 3364 occidit.

215 3386 310 3450 Causa
326 3391 401 3449 enirn
415 3397 461 3448 esi
475 3405 548 3464 unu,
570 3389 696 3450 adulter
713 3390 790 3468 titia·
812 3390 1000 3471 quaestiones
1016 3397 1047 3450 et
1060 3388 1211 3449 iudicatio·
1272 3427 1273 3436 ι

187 3481 281 3550 ones,
303 3491 346 3535 an
359 3473 413 3535 iilo
434 3479 582 3551 tempore,
606 3491 649 3535 aa
663 3473 715 3570 iiio
734 3473 801 3538 ioco
818 3475 939 3536 dasem
957 3473 1122 3536 occidere?
1151 3471 1212 3536 Sed
1269 3517 1272 3589 l

1268 3601 1271 3679 l

1260 3689 1270 3936 l
