2592 3940
363 247 803 318 meu.onuu0n.ms.v1,3.
903 267 905 272 ·
1026 239 1086 301 271

86 425 143 490 qne
161 406 212 468 illa
232 406 373 484 obseura,
391 424 466 487 qnae
481 406 609 468 Atellani
626 423 738 467 emore
754 413 885 484 captant,
900 424 970 482 nee,
993 406 1089 484 qualia

84 492 174 571 vulgo
189 491 331 552 laetantur
346 509 363 551 a
377 490 517 570 vilissimo
536 507 668 570 quoque,
689 505 831 550 conversa
854 490 883 549 in
904 490 1088 551 maledictum

84 577 149 639 iere
170 573 371 652 ambiguitate3
395 593 433 636 ne
455 575 505 634 illa
529 573 659 654 quidem,
685 591 759 653 quae
781 569 916 635 Gioeroni
934 575 1087 653 aliquando

85 659 138 721 sed
153 675 211 719 non
225 660 254 717 in
268 659 383 736 agendo
405 659 592 734 exciderunt,
613 667 644 718 ut
664 657 749 733 dixit,
773 675 838 718 eum
861 656 887 718 is
908 657 1087 734 candidatus,

85 745 134 824 qui
151 745 216 804 eoei
233 740 308 802 filius
324 741 499 817 habebatur,
520 758 618 803 eoram
638 757 675 801 eo
697 741 864 819 suffragium
879 741 915 802 ab
933 741 991 801 alio
1006 751 1088 820 pete·

85 835 147 888 ret:
175 823 242 906 Epo
264 841 384 905 quoquo
402 827 457 888 tibi
474 825 596 904 favebo.
629 825 709 901 Non,
738 827 804 904 quia
831 826 1012 886 excludenda
1035 826 1132 890 sint48
1248 887 1249 890 ,

86 911 201 972 omnino
221 909 314 970 verba
337 909 411 971 duos
427 927 530 970 sensus
547 909 748 988 significantia,
768 911 821 971 sed
839 911 905 990 quia
923 926 990 970 raro
1010 909 1090 968 belle

85 993 293 1074 respondeant,
310 995 365 1053 nisi
380 1011 444 1055 eum
457 1011 579 1073 prorsus
594 993 683 1054 rebus
700 994 772 1072 ipsis
788 993 966 1056 adiuvantur.
996 992 1090 1067 Quale

84 1095 143 1140 non
157 1078 216 1139 boe
231 1077 318 1138 modo
333 1095 428 1156 paens
443 1087 473 1138 et
487 1079 581 1157 ipsum
600 1077 723 1138 scurrile
740 1075 890 1137 ciceronis
916 1078 1005 1138 estin
1021 1095 1089 1136 eun-

85 1163 170 1239 dem,
192 1162 229 1223 ds
245 1178 303 1240 quo
319 1179 407 1241 supra
424 1163 497 1238 dixi,
519 1160 691 1222 Isauricum:
717 1157 831 1238 Miror,
849 1162 988 1239 quidest,
1009 1161 1092 1238 quod

82 1254 175 1326 poter
191 1252 271 1323 rem,
288 1245 375 1309 bomo
385 1245 664 1339 prestantissimae,
680 1251 710 1305 te
723 1244 810 1306 noble
825 1246 947 1306 vamum
958 1243 1088 1322 reliquit.

85 1329 144 1390 Sed
159 1328 232 1390 illud
250 1346 288 1389 ex
309 1329 414 1390 eodem
433 1337 543 1406 genere
564 1327 763 1406 praeclarum,
788 1346 852 1387 eum
877 1328 1020 1389 obiiceret
1039 1325 1131 1386 lili-49

85 1413 145 1475 loni
167 1420 321 1474 aecusator
343 1403 589 1490 in'argumentum
614 1411 754 1472 laetarum
779 1409 883 1473 Clodio
913 1411 1088 1486 insidiarum,

87 1495 165 1575 quod
180 1494 309 1556 Bovillas
324 1505 390 1556 ante
411 1495 511 1556 horam
528 1512 631 1556 nonam
646 1495 838 1572 devertisset,
860 1506 891 1556 ut
906 1502 1088 1576 eppeetaret,

86 1581 151 1641 dum
176 1576 295 1640 (llodius
318 1579 424 1653 ovillo
442 1597 493 1639 sua
518 1580 629 1654 exiret,
657 1588 686 1640 et
705 1578 861 1640 identidem
884 1581 1088 1656 interrogaret,

86 1679 143 1743 quo
160 1672 294 1740 tempore
310 1660 430 1723 Clodius
452 1664 568 1724 neeisus
591 1672 686 1724 esset:
709 1663 876 1742 respondit,
897 1662 995 1732 Sero-,-
1012 1660 1090 1740 quod

85 1747 134 1807 uel
149 1745 245 1807 solum
260 1745 384 1822 suffieit,
409 1756 441 1806 ut
456 1747 513 1807 hoe
529 1764 623 1824 genus
638 1764 696 1808 non
711 1755 802 1807 totum
817 1748 996 1826 repudietur.
1027 1744 1131 1810 Nesto

86 1829 169 1910 plura
184 1830 270 1890 modo
288 1830 446 1908 significari
463 1830 575 1907 solent,
592 1830 645 1891 sed
660 1831 746 1891 etiam
763 1831 895 1906 diversa,
911 1839 942 1890 ut
955 1828 1035 1902 Nero
1053 1829 1089 1889 de

86 1931 173 1974 servo
189 1913 318 1991 pessimo
335 1914 425 1974 dixit:
447 1911 534 1976 Nulli
548 1916 619 1994 plus
638 1916 726 1994 apud
739 1933 773 1976 se
790 1914 866 1993 fidei
879 1915 1000 1989 baberi,
1016 1913 1091 1974 nibil

44 2001 47 2006 “
85 2001 115 2062 et'
133 2013 233 2075 neque
247 1998 404 2059 occlusum
418 2014 518 2076 neque
531 1999 686 2078 sipontum
701 2017 775 2062 esre.
814 1998 949 2058 Pervenit
968 2015 1017 2057 res
1043 2004 1131 2057 us-tl

86 2099 142 2161 que
159 2081 195 2142 ad
215 2082 393 2159 aenigma,
415 2082 501 2161 quale
523 2091 569 2142 est
584 2078 736 2143 ciceronis
755 2083 784 2141 in
803 2082 961 2142 Pletorium
976 2079 1089 2142 Fonteii

86 2174 305 2242 accusatorem,
331 2168 419 2228 euius
440 2173 587 2243 matrem,
611 2166 698 2243 dixit,
720 2167 950 2243 demulsisset,
973 2164 1088 2240 ludam,

83 2257 247 2329 postquam
261 2256 382 2310 mortuo
396 2259 485 2327 esset,
501 2253 666 2331 moptetroe
674 2250 827 2313 babuisse.
851 2249 1030 2310 Dicebantur
1041 2267 1089 2308 au·
1241 2319 1243 2324 Ι

85 2343 160 2407 tem,
183 2329 249 2391 dom
269 2333 356 2407 vixit,
377 2332 498 2393 infames
519 2333 645 2394 feminae
663 2335 821 2394 convenire
836 2333 871 2393 od
887 2351 950 2392 eam
967 2330 1088 2399 solitoe3
1125 2383 1128 2390 .
1178 2400 1182 2408 ,

85 2422 292 2495 postmortem
311 2413 387 2474 bona
403 2415 465 2474 eius
485 2415 631 2476 venibant.
671 2414 840 2495 Quanquam
859 2415 907 2475 bie
927 2417 1019 2477 ludus
1035 2431 1091 2492 per
1127 2415 1130 2420 '

85 2498 304 2560 translationem
316 2497 409 2558 dietus
425 2507 481 2574 est,
496 2500 639 2578 magistri
652 2516 707 2577 per
717 2499 940 2576 ambiguitatem.
971 2496 1004 2558 ln
1017 2506 1131 2558 me-tn

85 2581 251 2660 talepsin
280 2597 397 2660 quoque
424 2582 500 2642 eadit
522 2582 623 2643 eadem
642 2583 716 2643 ratio
737 2582 896 2657 dictorum,
927 2591 958 2642 ut
982 2579 1089 2641 Fabius

85 2665 243 2739 blaximus,
265 2665 400 2725 incusans
421 2665 545 2742 Augusti
568 2666 797 2744 congiariorum,
824 2682 898 2744 quae
920 2665 1019 2726 amieis
1040 2664 1088 2724 da-

9 2809 10 2814 ,
86 2748 199 2824 bantur,
222 2748 419 2826 exiguitatem,
435 2749 608 2812 dominaris
625 2767 693 2810 esse
709 2750 795 2818 dixit;
818 2765 881 2810 nam
897 2749 1089 2829 conplurium

87 2847 236 2892 eommune
258 2831 439 2893 liberalitatis
462 2841 548 2912 atque
569 2849 738 2910 mensurae,
760 2851 795 2893 ea
811 2851 946 2894 mensura
961 2833 1045 2893 dueta
1060 2833 1089 2891 in

9 2915 11 2958 l
85 2916 270 2976 minutionem
285 2935 391 2977 rerum.
425 2915 505 2977 llaoo
522 2925 578 2978 tam
599 2917 714 2995 frigida,
737 2934 820 2997 quam
845 2925 891 2977 est
914 2919 1131 2979 nominumtss

86 2999 199 3061 liotlo
223 3000 362 3077 odientis,
392 3001 547 3078 detractis,
573 3002 687 3063 mutatis
709 3002 829 3063 litteris:
856 3010 887 3061 ut
908 3001 1087 3074 Aeiseulum,

87 3083 153 3162 quia
175 3091 257 3143 esset
275 3094 393 3162 paetus,
416 3083 631 3156 Paciaeulom
653 3094 682 3145 et
696 3085 842 3147 Placidum
857 3085 987 3159 nomine,
1011 3082 1088 3161 quod

85 3169 110 3226 is
128 3166 251 3227 aeerbus
266 3169 366 3228 natura
384 3179 473 3246 esset,
489 3167 641 3244 Avidam
656 3179 686 3230 et
701 3169 834 3244 Tullium,
854 3184 917 3227 eum
932 3167 978 3227 lor
996 3175 1086 3242 esset,

89 3248 216 3312 Tolb'nm
231 3251 325 3311 dictos
340 3253 466 3312 invenio.
500 3253 559 3315 Sed
579 3254 653 3315 haee
669 3254 769 3314 eadem
783 3269 894 3330 genera
911 3250 1131 3313 commodiustt

85 3334 115 3394 in
130 3333 218 3394 rebus
237 3351 320 3413 quom
335 3335 364 3394 in
379 3333 539 3396 nominibus
554 3337 741 3416 respondent.
782 3335 855 3396 Afer
876 3335 951 3395 enim
964 3343 1087 3395 venuste
1285 3389 1286 3414 ἶ

86 3415 214 3478 llalllum
230 3419 347 3494 Suram,
369 3419 486 3480 multum
501 3421 529 3480 in
543 3421 657 3499 agendo
678 3420 902 3497 discursantem,
924 3417 1087 3496 salientem,
1285 3443 1286 3502 p

87 3517 187 3562 manus
212 3503 385 3581 laetantem,
411 3512 509 3581 togam
530 3503 713 3566 deiicientem
747 3512 776 3566 et
796 3511 1001 3585 reponentem,
1027 3521 1088 3566 non
1144 3503 1286 3776 4
