<?xml version="1.0" encoding="UTF-8"?>
<!DOCTYPE html PUBLIC "-//W3C//DTD XHTML 1.0 Transitional//EN"
    "http://www.w3.org/TR/xhtml1/DTD/xhtml1-transitional.dtd">
<html xmlns="http://www.w3.org/1999/xhtml" xml:lang="en" lang="en">
 <head>
  <title>
</title>
<meta http-equiv="Content-Type" content="text/html;charset=utf-8" />
  <meta name='ocr-system' content='tesseract 3.04.00' />
  <meta name='ocr-capabilities' content='ocr_page ocr_carea ocr_par ocr_line ocrx_word'/>
</head>
<body>
  <div class='ocr_page' id='page_1' title='image "./mfabiiquintilia19quingoog_0235.png"; bbox 0 0 2592 3940; ppageno 0'>
   <div class='ocr_carea' id='block_1_1' title="bbox 197 209 884 280">
    <p class='ocr_par' dir='ltr' id='par_1_1' title="bbox 197 209 884 280">
     <span class='ocr_line' id='line_1_1' title="bbox 197 209 884 280; baseline -0.003 -10"><span class='ocrx_word' id='word_1_1' title='bbox 197 209 265 271; x_wconf 76' lang='lat'><strong>214</strong></span> <span class='ocrx_word' id='word_1_2' title='bbox 517 219 884 280; x_wconf 67' lang='lat' dir='ltr'><strong>nt.rAB.Qu1M¹11«1Attt</strong></span> 
     </span>
    </p>
   </div>
   <div class='ocr_carea' id='block_1_2' title="bbox 152 374 1279 3389">
    <p class='ocr_par' dir='ltr' id='par_1_2' title="bbox 196 374 1209 450">
     <span class='ocr_line' id='line_1_2' title="bbox 196 374 1209 450; baseline -0.003 -10"><span class='ocrx_word' id='word_1_3' title='bbox 196 375 343 446; x_wconf 77' lang='lat' dir='ltr'><strong>uideam:</strong></span> <span class='ocrx_word' id='word_1_4' title='bbox 366 384 396 436; x_wconf 89' lang='lat' dir='ltr'><strong>et</strong></span> <span class='ocrx_word' id='word_1_5' title='bbox 422 386 539 450; x_wconf 77' lang='lat' dir='ltr'><strong>eontra,</strong></span> <span class='ocrx_word' id='word_1_6' title='bbox 570 392 629 436; x_wconf 92' lang='lat' dir='ltr'><strong>non</strong></span> <span class='ocrx_word' id='word_1_7' title='bbox 650 374 851 437; x_wconf 78' lang='lat' dir='ltr'><strong>dominationis</strong></span> <span class='ocrx_word' id='word_1_8' title='bbox 878 389 966 434; x_wconf 81' lang='lat' dir='ltr'><strong>ouuss</strong></span> <span class='ocrx_word' id='word_1_9' title='bbox 992 374 1104 436; x_wconf 79' lang='lat' dir='ltr'><strong>Solium</strong></span> <span class='ocrx_word' id='word_1_10' title='bbox 1126 391 1209 437; x_wconf 78' lang='lat' dir='ltr'><strong>erma</strong></span> 
     </span>
    </p>

    <p class='ocr_par' dir='ltr' id='par_1_3' title="bbox 155 457 1278 874">
     <span class='ocr_line' id='line_1_3' title="bbox 155 457 1208 539; baseline -0.004 -15"><span class='ocrx_word' id='word_1_11' title='bbox 155 460 376 538; x_wconf 76' lang='lat' dir='ltr'><strong>insumpsisse,</strong></span> <span class='ocrx_word' id='word_1_12' title='bbox 398 469 596 539; x_wconf 73' lang='lat' dir='ltr'><strong>argumentum</strong></span> <span class='ocrx_word' id='word_1_13' title='bbox 612 467 658 518; x_wconf 89' lang='lat' dir='ltr'><strong>est</strong></span> <span class='ocrx_word' id='word_1_14' title='bbox 676 457 818 519; x_wconf 72' lang='lat' dir='ltr'><strong>dictatum</strong></span> <span class='ocrx_word' id='word_1_15' title='bbox 833 457 978 536; x_wconf 78' lang='lat' dir='ltr'><strong>deposito.</strong></span> <span class='ocrx_word' id='word_1_16' title='bbox 1011 458 1151 518; x_wconf 81' lang='lat' dir='ltr'><strong>Similiter</strong></span> <span class='ocrx_word' id='word_1_17' title='bbox 1167 478 1208 520; x_wconf 84' lang='lat' dir='ltr'><strong>ex</strong></span> 
     </span>
     <span class='ocr_line' id='line_1_4' title="bbox 197 509 1278 622; baseline 0 -18"><span class='ocrx_word' id='word_1_18' title='bbox 197 545 377 604; x_wconf 78' lang='lat' dir='ltr'><strong>incremento</strong></span> <span class='ocrx_word' id='word_1_19' title='bbox 393 546 422 603; x_wconf 92' lang='lat' dir='ltr'><strong>in</strong></span> <span class='ocrx_word' id='word_1_20' title='bbox 436 553 585 622; x_wconf 82' lang='lat' dir='ltr'><strong>utrumque</strong></span> <span class='ocrx_word' id='word_1_21' title='bbox 601 551 714 621; x_wconf 82' lang='lat' dir='ltr'><strong>purtem</strong></span> <span class='ocrx_word' id='word_1_22' title='bbox 728 542 842 602; x_wconf 76' lang='lat' dir='ltr'><strong>ducitur</strong></span> <span class='ocrx_word' id='word_1_23' title='bbox 856 542 900 602; x_wconf 85' lang='lat' dir='ltr'><strong>rei</strong></span> <span class='ocrx_word' id='word_1_24' title='bbox 915 542 990 601; x_wconf 82' lang='lat' dir='ltr'><strong>:etio</strong></span> <span class='ocrx_word' id='word_1_25' title='bbox 1008 559 1072 602; x_wconf 90' lang='lat' dir='ltr'><strong>oum</strong></span> <span class='ocrx_word' id='word_1_26' title='bbox 1088 543 1118 602; x_wconf 94' lang='lat' dir='ltr'><strong>in</strong></span> <span class='ocrx_word' id='word_1_27' title='bbox 1133 559 1207 604; x_wconf 85' lang='lat' dir='ltr'><strong>eon·</strong></span> <span class='ocrx_word' id='word_1_28' title='bbox 1277 509 1278 588; x_wconf 61' lang='lat' dir='ltr'><strong>i</strong></span> 
     </span>
     <span class='ocr_line' id='line_1_5' title="bbox 196 624 1207 704; baseline 0.001 -16"><span class='ocrx_word' id='word_1_29' title='bbox 196 629 310 688; x_wconf 79' lang='lat' dir='ltr'><strong>ieoturu</strong></span> <span class='ocrx_word' id='word_1_30' title='bbox 324 637 382 687; x_wconf 91' lang='lat' dir='ltr'><strong>tum</strong></span> <span class='ocrx_word' id='word_1_31' title='bbox 399 629 485 688; x_wconf 80' lang='lat' dir='ltr'><strong>etiam</strong></span> <span class='ocrx_word' id='word_1_32' title='bbox 496 629 525 687; x_wconf 90' lang='lat' dir='ltr'><strong>in</strong></span> <span class='ocrx_word' id='word_1_33' title='bbox 540 634 664 688; x_wconf 84' lang='lat' dir='ltr'><strong>treotntu</strong></span> <span class='ocrx_word' id='word_1_34' title='bbox 681 625 846 704; x_wconf 73' lang='lat' dir='ltr'><strong>aequitatis,</strong></span> <span class='ocrx_word' id='word_1_35' title='bbox 862 624 908 685; x_wconf 80' lang='lat' dir='ltr'><strong>An</strong></span> <span class='ocrx_word' id='word_1_36' title='bbox 918 624 955 684; x_wconf 84' lang='lat' dir='ltr'><strong>nd</strong></span> <span class='ocrx_word' id='word_1_37' title='bbox 972 626 1080 686; x_wconf 89' lang='lat' dir='ltr'><strong>initium</strong></span> <span class='ocrx_word' id='word_1_38' title='bbox 1095 639 1207 689; x_wconf 80' lang='lat' dir='ltr'><strong>summe</strong></span> 
     </span>
     <span class='ocr_line' id='line_1_6' title="bbox 197 708 1204 788; baseline -0.001 -17"><span class='ocrx_word' id='word_1_39' title='bbox 197 710 353 772; x_wconf 76' lang='lat' dir='ltr'><strong>referende</strong></span> <span class='ocrx_word' id='word_1_40' title='bbox 368 708 428 770; x_wconf 87' lang='lat' dir='ltr'><strong>siti</strong></span> <span class='ocrx_word' id='word_1_41' title='bbox 445 710 474 771; x_wconf 92' lang='lat' dir='ltr'><strong>id</strong></span> <span class='ocrx_word' id='word_1_42' title='bbox 491 719 548 788; x_wconf 87' lang='lat' dir='ltr'><strong>est,</strong></span> <span class='ocrx_word' id='word_1_43' title='bbox 564 710 610 770; x_wconf 77' lang='lat' dir='ltr'><strong>An</strong></span> <span class='ocrx_word' id='word_1_44' title='bbox 625 711 654 770; x_wconf 89' lang='lat' dir='ltr'><strong>ei</strong></span> <span class='ocrx_word' id='word_1_45' title='bbox 671 709 778 770; x_wconf 81' lang='lat' dir='ltr'><strong>ouedes</strong></span> <span class='ocrx_word' id='word_1_46' title='bbox 795 708 961 788; x_wconf 76' lang='lat' dir='ltr'><strong>imputanda</strong></span> <span class='ocrx_word' id='word_1_47' title='bbox 975 709 1023 786; x_wconf 88' lang='lat' dir='ltr'><strong>sit,</strong></span> <span class='ocrx_word' id='word_1_48' title='bbox 1039 727 1057 770; x_wconf 85' lang='lat' dir='ltr'><strong>s</strong></span> <span class='ocrx_word' id='word_1_49' title='bbox 1072 726 1131 788; x_wconf 84' lang='lat' dir='ltr'><strong>quo</strong></span> <span class='ocrx_word' id='word_1_50' title='bbox 1146 711 1204 771; x_wconf 83' lang='lat' dir='ltr'><strong>iun·</strong></span> 
     </span>
     <span class='ocr_line' id='line_1_7' title="bbox 196 791 412 874; baseline -0.009 -18"><span class='ocrx_word' id='word_1_51' title='bbox 196 796 276 874; x_wconf 74' lang='lat' dir='ltr'><strong>pium</strong></span> <span class='ocrx_word' id='word_1_52' title='bbox 292 791 412 874; x_wconf 77' lang='lat' dir='ltr'><strong>eoepit?</strong></span> 
     </span>
    </p>

    <p class='ocr_par' dir='ltr' id='par_1_4' title="bbox 155 875 1279 1380">
     <span class='ocr_line' id='line_1_8' title="bbox 155 875 1205 956; baseline 0.003 -18"><span class='ocrx_word' id='word_1_53' title='bbox 155 887 191 945; x_wconf 79' lang='grc'><strong>73</strong></span> <span class='ocrx_word' id='word_1_54' title='bbox 282 875 337 938; x_wconf 74' lang='lat' dir='ltr'><strong>tis:</strong></span> <span class='ocrx_word' id='word_1_55' title='bbox 352 887 587 956; x_wconf 79' lang='lat' dir='ltr'><strong>argumentonun</strong></span> <span class='ocrx_word' id='word_1_56' title='bbox 603 877 686 937; x_wconf 84' lang='lat' dir='ltr'><strong>loeus</strong></span> <span class='ocrx_word' id='word_1_57' title='bbox 701 895 740 938; x_wconf 84' lang='lat' dir='ltr'><strong>ex</strong></span> <span class='ocrx_word' id='word_1_58' title='bbox 756 875 963 937; x_wconf 78' lang='lat' dir='ltr'><strong>similibus:</strong></span> <span class='ocrx_word' id='word_1_59' title='bbox 985 875 1023 938; x_wconf 69' lang='lat' dir='ltr'><strong>sa·</strong></span> <span class='ocrx_word' id='word_1_60' title='bbox 1046 878 1205 940; x_wconf 74' lang='lat' dir='ltr'><strong>emonen-</strong></span> 
     </span>
     <span class='ocr_line' id='line_1_9' title="bbox 197 959 1207 1040; baseline -0.002 -16"><span class='ocrx_word' id='word_1_61' title='bbox 197 963 242 1024; x_wconf 81' lang='lat' dir='ltr'><strong>tio</strong></span> <span class='ocrx_word' id='word_1_62' title='bbox 256 964 373 1038; x_wconf 68' lang='lat' dir='ltr'><strong>metue,</strong></span> <span class='ocrx_word' id='word_1_63' title='bbox 397 963 503 1040; x_wconf 82' lang='lat' dir='ltr'><strong>utique</strong></span> <span class='ocrx_word' id='word_1_64' title='bbox 519 970 549 1024; x_wconf 84' lang='lat' dir='ltr'><strong>et</strong></span> <span class='ocrx_word' id='word_1_65' title='bbox 562 961 769 1029; x_wconf 77' lang='lat' dir='ltr'><strong>abstinentia,-</strong></span> <span class='ocrx_word' id='word_1_66' title='bbox 792 959 829 1022; x_wconf 79' lang='lat' dir='ltr'><strong>Si</strong></span> <span class='ocrx_word' id='word_1_67' title='bbox 846 959 940 1038; x_wconf 74' lang='lat' dir='ltr'><strong>fldem</strong></span> <span class='ocrx_word' id='word_1_68' title='bbox 957 961 1048 1024; x_wconf 83' lang='lat' dir='ltr'><strong>debet</strong></span> <span class='ocrx_word' id='word_1_69' title='bbox 1068 967 1161 1037; x_wconf 81' lang='lat' dir='ltr'><strong>tutor,</strong></span> <span class='ocrx_word' id='word_1_70' title='bbox 1177 969 1207 1023; x_wconf 85' lang='lat' dir='ltr'><strong>et</strong></span> 
     </span>
     <span class='ocr_line' id='line_1_10' title="bbox 194 1035 1205 1124; baseline -0.001 -17"><span class='ocrx_word' id='word_1_71' title='bbox 194 1053 391 1124; x_wconf 74' lang='lat' dir='ltr'><strong>procurator.</strong></span> <span class='ocrx_word' id='word_1_72' title='bbox 423 1045 490 1106; x_wconf 80' lang='lat' dir='ltr'><strong>idon</strong></span> <span class='ocrx_word' id='word_1_73' title='bbox 507 1051 552 1107; x_wconf 86' lang='lat' dir='ltr'><strong>est</strong></span> <span class='ocrx_word' id='word_1_74' title='bbox 567 1063 605 1104; x_wconf 83' lang='lat' dir='ltr'><strong>ex</strong></span> <span class='ocrx_word' id='word_1_75' title='bbox 620 1061 657 1105; x_wconf 88' lang='lat' dir='ltr'><strong>eo</strong></span> <span class='ocrx_word' id='word_1_76' title='bbox 674 1061 804 1123; x_wconf 73' lang='lat' dir='ltr'><strong>genere,</strong></span> <span class='ocrx_word' id='word_1_77' title='bbox 826 1043 905 1123; x_wconf 85' lang='lat' dir='ltr'><strong>quod</strong></span> <span class='ocrx_word' id='word_1_78' title='bbox 920 1035 1077 1124; x_wconf 71' lang='grc' dir='ltr'><strong>ἐπαγωγὴν</strong></span> <span class='ocrx_word' id='word_1_79' title='bbox 1097 1043 1205 1106; x_wconf 78' lang='lat' dir='ltr'><strong>(inueni</strong></span> 
     </span>
     <span class='ocr_line' id='line_1_11' title="bbox 196 1125 1205 1214; baseline 0.003 -25"><span class='ocrx_word' id='word_1_80' title='bbox 196 1137 314 1205; x_wconf 78' lang='lat' dir='ltr'><strong>vocent,</strong></span> <span class='ocrx_word' id='word_1_81' title='bbox 334 1125 440 1207; x_wconf 80' lang='lat' dir='ltr'><strong>Gioero</strong></span> <span class='ocrx_word' id='word_1_82' title='bbox 464 1129 669 1190; x_wconf 75' lang='lat' dir='ltr'><strong>inductionem.</strong></span> <span class='ocrx_word' id='word_1_83' title='bbox 707 1127 753 1189; x_wconf 76' lang='lat' dir='ltr'><strong>lix</strong></span> <span class='ocrx_word' id='word_1_84' title='bbox 774 1127 1046 1214; x_wconf 79' lang='lat' dir='ltr'><strong>dissimilibus:</strong></span> <span class='ocrx_word' id='word_1_85' title='bbox 1068 1125 1155 1206; x_wconf 79' lang='lat' dir='ltr'><strong>Non,</strong></span> <span class='ocrx_word' id='word_1_86' title='bbox 1177 1135 1205 1192; x_wconf 82' lang='lat' dir='ltr'><strong>oi</strong></span> 
     </span>
     <span class='ocr_line' id='line_1_12' title="bbox 196 1211 1279 1293; baseline -0.004 -17"><span class='ocrx_word' id='word_1_87' title='bbox 196 1214 315 1276; x_wconf 67' lang='lat' dir='ltr'><strong>meida</strong></span> <span class='ocrx_word' id='word_1_88' title='bbox 332 1213 451 1290; x_wconf 80' lang='lat' dir='ltr'><strong>bonum,</strong></span> <span class='ocrx_word' id='word_1_89' title='bbox 468 1221 497 1275; x_wconf 86' lang='lat' dir='ltr'><strong>et</strong></span> <span class='ocrx_word' id='word_1_90' title='bbox 510 1215 671 1293; x_wconf 79' lang='lat' dir='ltr'><strong>ooiuptos:</strong></span> <span class='ocrx_word' id='word_1_91' title='bbox 690 1211 773 1289; x_wconf 81' lang='lat' dir='ltr'><strong>Non,</strong></span> <span class='ocrx_word' id='word_1_92' title='bbox 791 1213 874 1291; x_wconf 77' lang='lat' dir='ltr'><strong>quod</strong></span> <span class='ocrx_word' id='word_1_93' title='bbox 888 1211 1025 1288; x_wconf 81' lang='lat' dir='ltr'><strong>mulieri,</strong></span> <span class='ocrx_word' id='word_1_94' title='bbox 1047 1213 1130 1274; x_wconf 83' lang='lat' dir='ltr'><strong>idem</strong></span> <span class='ocrx_word' id='word_1_95' title='bbox 1141 1231 1205 1292; x_wconf 79' lang='lat' dir='ltr'><strong>pu-</strong></span> <span class='ocrx_word' id='word_1_96' title='bbox 1278 1269 1279 1272; x_wconf 74' lang='grc'>,</span> 
     </span>
     <span class='ocr_line' id='line_1_13' title="bbox 192 1294 1206 1380; baseline -0.001 -21"><span class='ocrx_word' id='word_1_97' title='bbox 192 1298 278 1380; x_wconf 84' lang='lat' dir='ltr'><strong>pilio,</strong></span> <span class='ocrx_word' id='word_1_98' title='bbox 307 1294 354 1355; x_wconf 81' lang='lat' dir='ltr'><strong>Ex</strong></span> <span class='ocrx_word' id='word_1_99' title='bbox 379 1298 603 1359; x_wconf 70' lang='lat' dir='ltr'><strong>sontiariis:</strong></span> <span class='ocrx_word' id='word_1_100' title='bbox 625 1295 949 1376; x_wconf 61' lang='lat' dir='ltr'><strong>impeditissimum,</strong></span> <span class='ocrx_word' id='word_1_101' title='bbox 974 1297 1104 1359; x_wconf 68' lang='lat' dir='ltr'><strong>lumem</strong></span> <span class='ocrx_word' id='word_1_102' title='bbox 1123 1298 1206 1360; x_wconf 77' lang='lat' dir='ltr'><strong>enim</strong></span> 
     </span>
    </p>

    <p class='ocr_par' dir='ltr' id='par_1_5' title="bbox 152 1378 1206 3389">
     <span class='ocr_line' id='line_1_14' title="bbox 175 1378 1205 1459; baseline 0 -17"><span class='ocrx_word' id='word_1_103' title='bbox 175 1383 178 1390; x_wconf 84' lang='lat'>&#39;</span> <span class='ocrx_word' id='word_1_104' title='bbox 195 1381 327 1449; x_wconf 66' lang='lat' dir='ltr'><strong>maium</strong></span> <span class='ocrx_word' id='word_1_105' title='bbox 344 1379 382 1441; x_wconf 85' lang='lat' dir='ltr'><strong>Si</strong></span> <span class='ocrx_word' id='word_1_106' title='bbox 392 1382 543 1443; x_wconf 82' lang='lat' dir='ltr'><strong>maiorum</strong></span> <span class='ocrx_word' id='word_1_107' title='bbox 557 1397 656 1442; x_wconf 78' lang='lat' dir='ltr'><strong>causo</strong></span> <span class='ocrx_word' id='word_1_108' title='bbox 671 1381 781 1442; x_wconf 79' lang='lat' dir='ltr'><strong>beilum</strong></span> <span class='ocrx_word' id='word_1_109' title='bbox 792 1386 848 1456; x_wconf 81' lang='lat' dir='ltr'><strong>eet,</strong></span> <span class='ocrx_word' id='word_1_110' title='bbox 864 1378 1205 1459; x_wconf 61' lang='lat' dir='ltr'><strong>mimendensem:</strong></span> 
     </span>
     <span class='ocr_line' id='line_1_15' title="bbox 196 1462 1206 1544; baseline 0 -20"><span class='ocrx_word' id='word_1_111' title='bbox 196 1462 233 1524; x_wconf 80' lang='lat' dir='ltr'><strong>Si</strong></span> <span class='ocrx_word' id='word_1_112' title='bbox 253 1465 374 1526; x_wconf 82' lang='lat' dir='ltr'><strong>venium</strong></span> <span class='ocrx_word' id='word_1_113' title='bbox 393 1474 543 1542; x_wconf 81' lang='lat' dir='ltr'><strong>meretur,</strong></span> <span class='ocrx_word' id='word_1_114' title='bbox 573 1466 627 1543; x_wconf 78' lang='lat' dir='ltr'><strong>qui</strong></span> <span class='ocrx_word' id='word_1_115' title='bbox 647 1466 829 1544; x_wconf 78' lang='lat' dir='ltr'><strong>imprudens</strong></span> <span class='ocrx_word' id='word_1_116' title='bbox 847 1464 967 1526; x_wconf 73' lang='lat' dir='ltr'><strong>nocuit:</strong></span> <span class='ocrx_word' id='word_1_117' title='bbox 987 1483 1048 1526; x_wconf 80' lang='lat' dir='ltr'><strong>non</strong></span> <span class='ocrx_word' id='word_1_118' title='bbox 1068 1472 1206 1526; x_wconf 84' lang='lat' dir='ltr'><strong>meretur</strong></span> 
     </span>
     <span class='ocr_line' id='line_1_16' title="bbox 153 1545 1206 1628; baseline -0.003 -16"><span class='ocrx_word' id='word_1_119' title='bbox 153 1549 375 1627; x_wconf 78' lang='lat' dir='ltr'><strong>diproemium,</strong></span> <span class='ocrx_word' id='word_1_120' title='bbox 387 1549 632 1627; x_wconf 78' lang='lat' dir='ltr'><strong>quiimpmdens</strong></span> <span class='ocrx_word' id='word_1_121' title='bbox 643 1549 771 1628; x_wconf 77' lang='lat' dir='ltr'><strong>profuit.</strong></span> <span class='ocrx_word' id='word_1_122' title='bbox 794 1546 842 1608; x_wconf 80' lang='lat' dir='ltr'><strong>lix</strong></span> <span class='ocrx_word' id='word_1_123' title='bbox 854 1547 1126 1627; x_wconf 77' lang='lat' dir='ltr'><strong>pugnentibus:</strong></span> <span class='ocrx_word' id='word_1_124' title='bbox 1143 1545 1206 1622; x_wconf 82' lang='lat' dir='ltr'><strong>Qui</strong></span> 
     </span>
     <span class='ocr_line' id='line_1_17' title="bbox 196 1630 1204 1710; baseline -0.001 -17"><span class='ocrx_word' id='word_1_125' title='bbox 196 1637 241 1693; x_wconf 78' lang='lat' dir='ltr'><strong>eti</strong></span> <span class='ocrx_word' id='word_1_126' title='bbox 261 1631 403 1710; x_wconf 72' lang='lat' dir='ltr'><strong>sopimus,</strong></span> <span class='ocrx_word' id='word_1_127' title='bbox 428 1633 615 1694; x_wconf 78' lang='lat' dir='ltr'><strong>stultuuoon</strong></span> <span class='ocrx_word' id='word_1_128' title='bbox 630 1639 686 1694; x_wconf 80' lang='lat' dir='ltr'><strong>est.</strong></span> <span class='ocrx_word' id='word_1_129' title='bbox 721 1630 768 1693; x_wconf 80' lang='lat' dir='ltr'><strong>Ex</strong></span> <span class='ocrx_word' id='word_1_130' title='bbox 790 1631 1113 1710; x_wconf 74' lang='lat' dir='ltr'><strong>consequentibus</strong></span> <span class='ocrx_word' id='word_1_131' title='bbox 1138 1632 1204 1692; x_wconf 86' lang='lat' dir='ltr'><strong>sive</strong></span> 
     </span>
     <span class='ocr_line' id='line_1_18' title="bbox 195 1713 1205 1794; baseline 0.002 -19"><span class='ocrx_word' id='word_1_132' title='bbox 195 1713 404 1776; x_wconf 85' lang='lat' dir='ltr'><strong>udiunotis:</strong></span> <span class='ocrx_word' id='word_1_133' title='bbox 425 1713 463 1777; x_wconf 84' lang='lat' dir='ltr'><strong>Si</strong></span> <span class='ocrx_word' id='word_1_134' title='bbox 488 1717 599 1779; x_wconf 76' lang='grc' dir='ltr'><strong><em>ὸοηαηι</em></strong></span> <span class='ocrx_word' id='word_1_135' title='bbox 619 1717 736 1778; x_wconf 79' lang='lat' dir='ltr'><strong>iustitio</strong></span> <span class='ocrx_word' id='word_1_136' title='bbox 752 1724 809 1794; x_wconf 81' lang='lat' dir='ltr'><strong>eet,</strong></span> <span class='ocrx_word' id='word_1_137' title='bbox 825 1723 912 1778; x_wconf 83' lang='lat' dir='ltr'><strong>reete</strong></span> <span class='ocrx_word' id='word_1_138' title='bbox 925 1716 1149 1789; x_wconf 78' lang='lat' dir='ltr'><strong>iudicandum,-</strong></span> <span class='ocrx_word' id='word_1_139' title='bbox 1166 1714 1205 1777; x_wconf 80' lang='lat' dir='ltr'><strong>Si</strong></span> 
     </span>
     <span class='ocr_line' id='line_1_19' title="bbox 195 1798 1204 1880; baseline 0 -20"><span class='ocrx_word' id='word_1_140' title='bbox 195 1799 308 1860; x_wconf 81' lang='lat' dir='ltr'><strong>molum</strong></span> <span class='ocrx_word' id='word_1_141' title='bbox 321 1799 472 1877; x_wconf 73' lang='lat' dir='ltr'><strong>perfidio,</strong></span> <span class='ocrx_word' id='word_1_142' title='bbox 487 1820 548 1862; x_wconf 80' lang='lat' dir='ltr'><strong>nou</strong></span> <span class='ocrx_word' id='word_1_143' title='bbox 568 1809 615 1862; x_wconf 82' lang='lat' dir='ltr'><strong>est</strong></span> <span class='ocrx_word' id='word_1_144' title='bbox 627 1800 807 1880; x_wconf 77' lang='lat' dir='ltr'><strong>fallendum.</strong></span> <span class='ocrx_word' id='word_1_145' title='bbox 839 1798 919 1861; x_wconf 87' lang='lat' dir='ltr'><strong>idem</strong></span> <span class='ocrx_word' id='word_1_146' title='bbox 934 1808 1025 1861; x_wconf 85' lang='lat' dir='ltr'><strong>retro.</strong></span> <span class='ocrx_word' id='word_1_147' title='bbox 1056 1798 1084 1858; x_wconf 89' lang='lat' dir='ltr'><strong>N</strong></span> <span class='ocrx_word' id='word_1_148' title='bbox 1086 1817 1121 1860; x_wconf 86' lang='lat' dir='ltr'><strong>oo</strong></span> <span class='ocrx_word' id='word_1_149' title='bbox 1137 1808 1204 1860; x_wconf 92' lang='lat' dir='ltr'><strong>sunt</strong></span> 
     </span>
     <span class='ocr_line' id='line_1_20' title="bbox 195 1881 1204 1963; baseline 0.004 -22"><span class='ocrx_word' id='word_1_150' title='bbox 195 1881 241 1941; x_wconf 91' lang='lat' dir='ltr'><strong>his</strong></span> <span class='ocrx_word' id='word_1_151' title='bbox 261 1881 411 1943; x_wconf 82' lang='lat' dir='ltr'><strong>dissimilia</strong></span> <span class='ocrx_word' id='word_1_152' title='bbox 432 1883 558 1963; x_wconf 88' lang='lat' dir='ltr'><strong>ideoque</strong></span> <span class='ocrx_word' id='word_1_153' title='bbox 586 1883 652 1944; x_wconf 81' lang='lat' dir='ltr'><strong>huie</strong></span> <span class='ocrx_word' id='word_1_154' title='bbox 679 1883 748 1945; x_wconf 87' lang='lat' dir='ltr'><strong>looo</strong></span> <span class='ocrx_word' id='word_1_155' title='bbox 777 1882 972 1961; x_wconf 80' lang='lat' dir='ltr'><strong>subiioiondn,</strong></span> <span class='ocrx_word' id='word_1_156' title='bbox 1003 1901 1068 1943; x_wconf 87' lang='lat' dir='ltr'><strong>oum</strong></span> <span class='ocrx_word' id='word_1_157' title='bbox 1086 1891 1118 1944; x_wconf 85' lang='lat' dir='ltr'><strong>et</strong></span> <span class='ocrx_word' id='word_1_158' title='bbox 1138 1885 1204 1963; x_wconf 83' lang='lat' dir='ltr'><strong>ipsu</strong></span> 
     </span>
     <span class='ocr_line' id='line_1_21' title="bbox 196 1965 1203 2047; baseline 0.003 -21"><span class='ocrx_word' id='word_1_159' title='bbox 196 1966 366 2027; x_wconf 77' lang='lat' dir='ltr'><strong>naturaliter</strong></span> <span class='ocrx_word' id='word_1_160' title='bbox 381 1977 558 2046; x_wconf 75' lang='lat' dir='ltr'><strong>congruont:</strong></span> <span class='ocrx_word' id='word_1_161' title='bbox 574 1965 665 2040; x_wconf 78' lang='lat' dir='ltr'><strong>Quod</strong></span> <span class='ocrx_word' id='word_1_162' title='bbox 681 1969 750 2046; x_wconf 77' lang='lat' dir='ltr'><strong>pois</strong></span> <span class='ocrx_word' id='word_1_163' title='bbox 764 1985 825 2029; x_wconf 82' lang='lat' dir='ltr'><strong>oon</strong></span> <span class='ocrx_word' id='word_1_164' title='bbox 839 1968 955 2045; x_wconf 80' lang='lat' dir='ltr'><strong>babuit,</strong></span> <span class='ocrx_word' id='word_1_165' title='bbox 971 1985 1032 2030; x_wconf 78' lang='lat' dir='ltr'><strong>noo</strong></span> <span class='ocrx_word' id='word_1_166' title='bbox 1043 1967 1203 2047; x_wconf 74' lang='lat' dir='ltr'><strong>perdidit:</strong></span> 
     </span>
     <span class='ocr_line' id='line_1_22' title="bbox 197 2047 1202 2130; baseline 0.003 -19"><span class='ocrx_word' id='word_1_167' title='bbox 197 2047 292 2123; x_wconf 79' lang='lat' dir='ltr'><strong>Quem</strong></span> <span class='ocrx_word' id='word_1_168' title='bbox 311 2052 381 2128; x_wconf 79' lang='lat' dir='ltr'><strong>puis</strong></span> <span class='ocrx_word' id='word_1_169' title='bbox 394 2061 493 2128; x_wconf 81' lang='lat' dir='ltr'><strong>amat,</strong></span> <span class='ocrx_word' id='word_1_170' title='bbox 519 2053 622 2113; x_wconf 74' lang='lat' dir='ltr'><strong>:ciem</strong></span> <span class='ocrx_word' id='word_1_171' title='bbox 635 2071 696 2114; x_wconf 78' lang='lat' dir='ltr'><strong>uon</strong></span> <span class='ocrx_word' id='word_1_172' title='bbox 709 2052 825 2124; x_wconf 79' lang='lat' dir='ltr'><strong>laedit:</strong></span> <span class='ocrx_word' id='word_1_173' title='bbox 849 2048 946 2125; x_wconf 81' lang='lat' dir='ltr'><strong>Quem</strong></span> <span class='ocrx_word' id='word_1_174' title='bbox 967 2053 1037 2130; x_wconf 79' lang='lat' dir='ltr'><strong>quie</strong></span> <span class='ocrx_word' id='word_1_175' title='bbox 1057 2051 1202 2114; x_wconf 82' lang='lat' dir='ltr'><strong>beredem</strong></span> 
     </span>
     <span class='ocr_line' id='line_1_23' title="bbox 194 2135 1204 2212; baseline 0.002 -19"><span class='ocrx_word' id='word_1_176' title='bbox 194 2151 284 2194; x_wconf 72' lang='lat' dir='ltr'><strong>mum</strong></span> <span class='ocrx_word' id='word_1_177' title='bbox 298 2152 366 2195; x_wconf 81' lang='lat' dir='ltr'><strong>esse</strong></span> <span class='ocrx_word' id='word_1_178' title='bbox 384 2136 492 2210; x_wconf 76' lang='lat' dir='ltr'><strong>votuit,</strong></span> <span class='ocrx_word' id='word_1_179' title='bbox 510 2153 618 2197; x_wconf 76' lang='lat' dir='ltr'><strong>eanum</strong></span> <span class='ocrx_word' id='word_1_180' title='bbox 634 2135 756 2211; x_wconf 66' lang='lat' dir='ltr'><strong>inbuit,</strong></span> <span class='ocrx_word' id='word_1_181' title='bbox 772 2135 879 2212; x_wconf 81' lang='lat' dir='ltr'><strong>babet,</strong></span> <span class='ocrx_word' id='word_1_182' title='bbox 897 2135 1028 2198; x_wconf 79' lang='lat' dir='ltr'><strong>babebit.</strong></span> <span class='ocrx_word' id='word_1_183' title='bbox 1057 2135 1121 2196; x_wconf 87' lang='lat' dir='ltr'><strong>Sed·</strong></span> <span class='ocrx_word' id='word_1_184' title='bbox 1138 2152 1204 2196; x_wconf 86' lang='lat' dir='ltr'><strong>oum</strong></span> 
     </span>
     <span class='ocr_line' id='line_1_24' title="bbox 153 2215 1203 2298; baseline 0.007 -25"><span class='ocrx_word' id='word_1_185' title='bbox 153 2215 253 2276; x_wconf 76' lang='lat' dir='ltr'><strong>idsint</strong></span> <span class='ocrx_word' id='word_1_186' title='bbox 267 2215 437 2294; x_wconf 80' lang='lat' dir='ltr'><strong>indubitum,</strong></span> <span class='ocrx_word' id='word_1_187' title='bbox 453 2220 510 2277; x_wconf 84' lang='lat' dir='ltr'><strong>vim</strong></span> <span class='ocrx_word' id='word_1_188' title='bbox 521 2217 734 2298; x_wconf 83' lang='lat' dir='ltr'><strong>bubentpoene</strong></span> <span class='ocrx_word' id='word_1_189' title='bbox 746 2220 894 2296; x_wconf 77' lang='lat' dir='ltr'><strong>signorum</strong></span> <span class='ocrx_word' id='word_1_190' title='bbox 909 2219 1116 2280; x_wconf 90' lang='lat' dir='ltr'><strong>insolubilium.</strong></span> <span class='ocrx_word' id='word_1_191' title='bbox 1142 2218 1203 2280; x_wconf 87' lang='lat' dir='ltr'><strong>Sed</strong></span> 
     </span>
     <span class='ocr_line' id='line_1_25' title="bbox 195 2293 1203 2382; baseline 0.004 -22"><span class='ocrx_word' id='word_1_192' title='bbox 195 2298 270 2360; x_wconf 82' lang='lat' dir='ltr'><strong>boso</strong></span> <span class='ocrx_word' id='word_1_193' title='bbox 288 2305 563 2379; x_wconf 79' lang='lat' dir='ltr'><strong>consequentis</strong></span> <span class='ocrx_word' id='word_1_194' title='bbox 578 2302 663 2379; x_wconf 87' lang='lat' dir='ltr'><strong>dieo,</strong></span> <span class='ocrx_word' id='word_1_195' title='bbox 676 2293 848 2378; x_wconf 74' lang='lat' dir='ltr'><strong>dniioodu:</strong></span> <span class='ocrx_word' id='word_1_196' title='bbox 865 2311 911 2364; x_wconf 88' lang='lat' dir='ltr'><strong>est</strong></span> <span class='ocrx_word' id='word_1_197' title='bbox 925 2304 1001 2363; x_wconf 89' lang='lat' dir='ltr'><strong>enim</strong></span> <span class='ocrx_word' id='word_1_198' title='bbox 1017 2318 1203 2382; x_wconf 82' lang='lat' dir='ltr'><strong>oonsequens</strong></span> 
     </span>
     <span class='ocr_line' id='line_1_26' title="bbox 196 2380 1203 2466; baseline 0.005 -23"><span class='ocrx_word' id='word_1_199' title='bbox 196 2385 358 2462; x_wconf 79' lang='lat' dir='ltr'><strong>sapientiae</strong></span> <span class='ocrx_word' id='word_1_200' title='bbox 374 2382 504 2455; x_wconf 78' lang='lat' dir='ltr'><strong>bonitas:</strong></span> <span class='ocrx_word' id='word_1_201' title='bbox 526 2386 578 2448; x_wconf 84' lang='lat' dir='ltr'><strong>ills</strong></span> <span class='ocrx_word' id='word_1_202' title='bbox 599 2387 824 2466; x_wconf 79' lang='lat' dir='ltr'><strong>sequentin,&#39;</strong></span> <span class='ocrx_word' id='word_1_203' title='bbox 836 2380 1041 2465; x_wconf 70' lang='grc' dir='ltr'><strong><em>παρεπόμενα,</em></strong></span> <span class='ocrx_word' id='word_1_204' title='bbox 1058 2404 1134 2466; x_wconf 78' lang='lat' dir='ltr'><strong>quae</strong></span> <span class='ocrx_word' id='word_1_205' title='bbox 1149 2404 1203 2466; x_wconf 90' lang='lat' dir='ltr'><strong>po·</strong></span> 
     </span>
     <span class='ocr_line' id='line_1_27' title="bbox 194 2467 1202 2541; baseline 0.003 -14"><span class='ocrx_word' id='word_1_206' title='bbox 194 2476 259 2527; x_wconf 80' lang='lat' dir='ltr'><strong>stes</strong></span> <span class='ocrx_word' id='word_1_207' title='bbox 282 2467 359 2529; x_wconf 83' lang='lat' dir='ltr'><strong>iaotn</strong></span> <span class='ocrx_word' id='word_1_208' title='bbox 381 2478 448 2530; x_wconf 93' lang='lat' dir='ltr'><strong>sunt</strong></span> <span class='ocrx_word' id='word_1_209' title='bbox 471 2479 521 2531; x_wconf 84' lang='lat' dir='ltr'><strong>out</strong></span> <span class='ocrx_word' id='word_1_210' title='bbox 542 2471 646 2532; x_wconf 70' lang='lat' dir='ltr'><strong>initura.</strong></span> <span class='ocrx_word' id='word_1_211' title='bbox 685 2469 748 2532; x_wconf 87' lang='lat' dir='ltr'><strong>Neo</strong></span> <span class='ocrx_word' id='word_1_212' title='bbox 772 2488 837 2532; x_wconf 89' lang='lat' dir='ltr'><strong>sum</strong></span> <span class='ocrx_word' id='word_1_213' title='bbox 852 2470 889 2532; x_wconf 90' lang='lat' dir='ltr'><strong>de</strong></span> <span class='ocrx_word' id='word_1_214' title='bbox 905 2471 1067 2532; x_wconf 83' lang='lat' dir='ltr'><strong>nonninibus</strong></span> <span class='ocrx_word' id='word_1_215' title='bbox 1082 2471 1202 2541; x_wconf 81' lang='lat' dir='ltr'><strong>auxios:</strong></span> 
     </span>
     <span class='ocr_line' id='line_1_28' title="bbox 193 2554 1190 2634; baseline 0.003 -23"><span class='ocrx_word' id='word_1_216' title='bbox 193 2560 283 2612; x_wconf 78' lang='lat' dir='ltr'><strong>vocet</strong></span> <span class='ocrx_word' id='word_1_217' title='bbox 298 2554 388 2629; x_wconf 90' lang='lat' dir='ltr'><strong>enim,</strong></span> <span class='ocrx_word' id='word_1_218' title='bbox 410 2563 441 2614; x_wconf 88' lang='lat' dir='ltr'><strong>ut</strong></span> <span class='ocrx_word' id='word_1_219' title='bbox 466 2554 592 2616; x_wconf 84' lang='lat' dir='ltr'><strong>voluerit</strong></span> <span class='ocrx_word' id='word_1_220' title='bbox 608 2557 747 2634; x_wconf 82' lang='lat' dir='ltr'><strong>quisque,</strong></span> <span class='ocrx_word' id='word_1_221' title='bbox 769 2554 836 2615; x_wconf 91' lang='lat' dir='ltr'><strong>dum</strong></span> <span class='ocrx_word' id='word_1_222' title='bbox 854 2557 900 2616; x_wconf 83' lang='lat' dir='ltr'><strong>vis</strong></span> <span class='ocrx_word' id='word_1_223' title='bbox 922 2572 1019 2616; x_wconf 82' lang='lat' dir='ltr'><strong>rerum</strong></span> <span class='ocrx_word' id='word_1_224' title='bbox 1033 2557 1098 2634; x_wconf 85' lang='lat' dir='ltr'><strong>ipsu</strong></span> <span class='ocrx_word' id='word_1_225' title='bbox 1113 2556 1190 2616; x_wconf 82' lang='lat' dir='ltr'><strong>muni</strong></span> 
     </span>
     <span class='ocr_line' id='line_1_29' title="bbox 153 2635 1200 2718; baseline 0.004 -22"><span class='ocrx_word' id='word_1_226' title='bbox 153 2635 270 2697; x_wconf 80' lang='lat' dir='ltr'><strong>ioiests</strong></span> <span class='ocrx_word' id='word_1_227' title='bbox 286 2637 334 2714; x_wconf 89' lang='lat' dir='ltr'><strong>sit,</strong></span> <span class='ocrx_word' id='word_1_228' title='bbox 356 2647 555 2718; x_wconf 78' lang='lat' dir='ltr'><strong>apparentque</strong></span> <span class='ocrx_word' id='word_1_229' title='bbox 570 2638 628 2699; x_wconf 88' lang='lat' dir='ltr'><strong>boo</strong></span> <span class='ocrx_word' id='word_1_230' title='bbox 645 2640 796 2718; x_wconf 81' lang='lat' dir='ltr'><strong>temporis,</strong></span> <span class='ocrx_word' id='word_1_231' title='bbox 812 2638 883 2700; x_wconf 90' lang='lat' dir='ltr'><strong>iliud</strong></span> <span class='ocrx_word' id='word_1_232' title='bbox 900 2657 968 2700; x_wconf 85' lang='lat' dir='ltr'><strong>esse</strong></span> <span class='ocrx_word' id='word_1_233' title='bbox 979 2648 1111 2700; x_wconf 79' lang='lat' dir='ltr'><strong>naturae.</strong></span> <span class='ocrx_word' id='word_1_234' title='bbox 1143 2637 1200 2700; x_wconf 84' lang='lat' dir='ltr'><strong>Its·</strong></span> 
     </span>
     <span class='ocr_line' id='line_1_30' title="bbox 194 2720 1202 2802; baseline 0.004 -23"><span class='ocrx_word' id='word_1_235' title='bbox 194 2738 252 2798; x_wconf 86' lang='lat' dir='ltr'><strong>que</strong></span> <span class='ocrx_word' id='word_1_236' title='bbox 267 2738 325 2780; x_wconf 95' lang='lat' dir='ltr'><strong>non</strong></span> <span class='ocrx_word' id='word_1_237' title='bbox 337 2720 437 2784; x_wconf 89' lang='lat' dir='ltr'><strong>dubito</strong></span> <span class='ocrx_word' id='word_1_238' title='bbox 455 2723 530 2784; x_wconf 84' lang='lat' dir='ltr'><strong>bueo</strong></span> <span class='ocrx_word' id='word_1_239' title='bbox 545 2740 663 2802; x_wconf 81' lang='lat' dir='ltr'><strong>quoque</strong></span> <span class='ocrx_word' id='word_1_240' title='bbox 683 2724 907 2802; x_wconf 75' lang='lat' dir='ltr'><strong>consequentia,</strong></span> <span class='ocrx_word' id='word_1_241' title='bbox 923 2725 1054 2802; x_wconf 79' lang='lat' dir='ltr'><strong>quemvis</strong></span> <span class='ocrx_word' id='word_1_242' title='bbox 1070 2741 1109 2784; x_wconf 84' lang='lat' dir='ltr'><strong>ex</strong></span> <span class='ocrx_word' id='word_1_243' title='bbox 1123 2723 1202 2801; x_wconf 84' lang='lat' dir='ltr'><strong>poio·</strong></span> 
     </span>
     <span class='ocr_line' id='line_1_31' title="bbox 195 2802 1203 2887; baseline 0.004 -23"><span class='ocrx_word' id='word_1_244' title='bbox 195 2802 273 2864; x_wconf 85' lang='lat' dir='ltr'><strong>:ibus</strong></span> <span class='ocrx_word' id='word_1_245' title='bbox 289 2803 358 2864; x_wconf 88' lang='lat' dir='ltr'><strong>dent</strong></span> <span class='ocrx_word' id='word_1_246' title='bbox 375 2816 573 2884; x_wconf 71' lang='lat' dir='ltr'><strong>argumentum</strong></span> <span class='ocrx_word' id='word_1_247' title='bbox 586 2806 622 2867; x_wconf 82' lang='lat' dir='ltr'><strong>ud</strong></span> <span class='ocrx_word' id='word_1_248' title='bbox 637 2824 673 2868; x_wconf 81' lang='lat' dir='ltr'><strong>en</strong></span> <span class='ocrx_word' id='word_1_249' title='bbox 694 2826 769 2887; x_wconf 82' lang='lat' dir='ltr'><strong>quus</strong></span> <span class='ocrx_word' id='word_1_250' title='bbox 788 2816 965 2886; x_wconf 69' lang='lat' dir='ltr'><strong>mouentur,</strong></span> <span class='ocrx_word' id='word_1_251' title='bbox 984 2823 1108 2886; x_wconf 84' lang='lat' dir='ltr'><strong>quonum</strong></span> <span class='ocrx_word' id='word_1_252' title='bbox 1129 2805 1203 2868; x_wconf 80' lang='lat' dir='ltr'><strong>dnus</strong></span> 
     </span>
     <span class='ocr_line' id='line_1_32' title="bbox 195 2884 1205 2970; baseline 0.008 -25"><span class='ocrx_word' id='word_1_253' title='bbox 195 2884 310 2964; x_wconf 81' lang='lat' dir='ltr'><strong>quidum</strong></span> <span class='ocrx_word' id='word_1_254' title='bbox 323 2889 441 2966; x_wconf 82' lang='lat' dir='ltr'><strong>speeies</strong></span> <span class='ocrx_word' id='word_1_255' title='bbox 454 2908 521 2951; x_wconf 87' lang='lat' dir='ltr'><strong>esse</strong></span> <span class='ocrx_word' id='word_1_256' title='bbox 532 2891 703 2952; x_wconf 78' lang='lat' dir='ltr'><strong>voluerunt:</strong></span> <span class='ocrx_word' id='word_1_257' title='bbox 721 2890 865 2967; x_wconf 75' lang='lat' dir='ltr'><strong>Aetionis,</strong></span> <span class='ocrx_word' id='word_1_258' title='bbox 882 2899 913 2951; x_wconf 80' lang='lat' dir='ltr'><strong>ut</strong></span> <span class='ocrx_word' id='word_1_259' title='bbox 924 2907 979 2970; x_wconf 86' lang='lat' dir='ltr'><strong>pro</strong></span> <span class='ocrx_word' id='word_1_260' title='bbox 995 2889 1103 2970; x_wconf 85' lang='lat' dir='ltr'><strong>Oppio,</strong></span> <span class='ocrx_word' id='word_1_261' title='bbox 1118 2887 1205 2964; x_wconf 78' lang='lat' dir='ltr'><strong>Quo:</strong></span> 
     </span>
     <span class='ocr_line' id='line_1_33' title="bbox 194 2972 1204 3053; baseline 0.004 -21"><span class='ocrx_word' id='word_1_262' title='bbox 194 2972 329 3032; x_wconf 81' lang='lat' dir='ltr'><strong>educere</strong></span> <span class='ocrx_word' id='word_1_263' title='bbox 342 2973 453 3033; x_wconf 79' lang='lat' dir='ltr'><strong>inuitos</strong></span> <span class='ocrx_word' id='word_1_264' title='bbox 472 2976 506 3035; x_wconf 72' lang='lat' dir='ltr'><strong>ie</strong></span> <span class='ocrx_word' id='word_1_265' title='bbox 523 2976 717 3052; x_wconf 78' lang='lat' dir='ltr'><strong>provinciam</strong></span> <span class='ocrx_word' id='word_1_266' title='bbox 736 2993 798 3037; x_wconf 79' lang='lat' dir='ltr'><strong>uon</strong></span> <span class='ocrx_word' id='word_1_267' title='bbox 813 2976 928 3053; x_wconf 83' lang='lat' dir='ltr'><strong>potuit,</strong></span> <span class='ocrx_word' id='word_1_268' title='bbox 946 2993 998 3038; x_wconf 75' lang='lat' dir='ltr'><strong>eoo</strong></span> <span class='ocrx_word' id='word_1_269' title='bbox 1018 2977 1130 3038; x_wconf 78' lang='lat' dir='ltr'><strong>invitos</strong></span> <span class='ocrx_word' id='word_1_270' title='bbox 1149 2993 1204 3036; x_wconf 84' lang='lat' dir='ltr'><strong>re·</strong></span> 
     </span>
     <span class='ocr_line' id='line_1_34' title="bbox 195 3055 1204 3138; baseline 0.004 -22"><span class='ocrx_word' id='word_1_271' title='bbox 195 3056 291 3116; x_wconf 81' lang='lat' dir='ltr'><strong>tinere</strong></span> <span class='ocrx_word' id='word_1_272' title='bbox 306 3057 360 3134; x_wconf 73' lang='lat' dir='ltr'><strong>oui</strong></span> <span class='ocrx_word' id='word_1_273' title='bbox 369 3058 490 3136; x_wconf 66' lang='lat' dir='ltr'><strong>pontit?</strong></span> <span class='ocrx_word' id='word_1_274' title='bbox 516 3057 680 3137; x_wconf 81' lang='lat' dir='ltr'><strong>Temporis,</strong></span> <span class='ocrx_word' id='word_1_275' title='bbox 696 3060 726 3119; x_wconf 91' lang='lat' dir='ltr'><strong>in</strong></span> <span class='ocrx_word' id='word_1_276' title='bbox 736 3058 870 3135; x_wconf 82' lang='lat' dir='ltr'><strong>Verrem,</strong></span> <span class='ocrx_word' id='word_1_277' title='bbox 886 3055 924 3120; x_wconf 82' lang='lat' dir='ltr'><strong>Si</strong></span> <span class='ocrx_word' id='word_1_278' title='bbox 936 3058 1029 3138; x_wconf 71' lang='lat' dir='ltr'><strong>finem</strong></span> <span class='ocrx_word' id='word_1_279' title='bbox 1043 3057 1204 3120; x_wconf 72' lang='lat' dir='ltr'><strong>Proetotio</strong></span> 
     </span>
     <span class='ocr_line' id='line_1_35' title="bbox 195 3139 1204 3224; baseline 0.005 -25"><span class='ocrx_word' id='word_1_280' title='bbox 195 3140 296 3202; x_wconf 80' lang='lat' dir='ltr'><strong>edicto</strong></span> <span class='ocrx_word' id='word_1_281' title='bbox 315 3139 450 3224; x_wconf 67' lang='lat' dir='ltr'><strong>affetum</strong></span> <span class='ocrx_word' id='word_1_282' title='bbox 466 3139 630 3204; x_wconf 80' lang='lat' dir='ltr'><strong>Kalendae</strong></span> <span class='ocrx_word' id='word_1_283' title='bbox 651 3142 739 3219; x_wconf 74' lang='lat' dir='ltr'><strong>inu,</strong></span> <span class='ocrx_word' id='word_1_284' title='bbox 769 3161 827 3204; x_wconf 72' lang='lat' dir='ltr'><strong>eser</strong></span> <span class='ocrx_word' id='word_1_285' title='bbox 850 3162 912 3206; x_wconf 78' lang='lat' dir='ltr'><strong>nom</strong></span> <span class='ocrx_word' id='word_1_286' title='bbox 937 3144 1058 3205; x_wconf 80' lang='lat' dir='ltr'><strong>initium</strong></span> <span class='ocrx_word' id='word_1_287' title='bbox 1082 3155 1204 3222; x_wconf 77' lang='lat' dir='ltr'><strong>quoque</strong></span> 
     </span>
     <span class='ocr_line' id='line_1_36' title="bbox 152 3223 1204 3306; baseline 0.004 -25"><span class='ocrx_word' id='word_1_288' title='bbox 152 3223 291 3285; x_wconf 80' lang='lat' dir='ltr'><strong>tiedioti</strong></span> <span class='ocrx_word' id='word_1_289' title='bbox 311 3232 465 3288; x_wconf 71' lang='lat' dir='ltr'><strong>meatur</strong></span> <span class='ocrx_word' id='word_1_290' title='bbox 482 3244 503 3287; x_wconf 88' lang='lat' dir='ltr'><em>a</em></span> <span class='ocrx_word' id='word_1_291' title='bbox 524 3223 676 3288; x_wconf 75' lang='lat' dir='ltr'><strong>Kalendis</strong></span> <span class='ocrx_word' id='word_1_292' title='bbox 695 3224 791 3288; x_wconf 72' lang='lat' dir='ltr'><strong>lomi</strong></span> <span class='ocrx_word' id='word_1_293' title='bbox 820 3224 906 3301; x_wconf 85' lang='lat' dir='ltr'><strong>Quod</strong></span> <span class='ocrx_word' id='word_1_294' title='bbox 928 3235 1081 3306; x_wconf 83' lang='lat' dir='ltr'><strong>utrumque</strong></span> <span class='ocrx_word' id='word_1_295' title='bbox 1102 3243 1204 3286; x_wconf 82' lang='lat' dir='ltr'><strong>exem·</strong></span> 
     </span>
     <span class='ocr_line' id='line_1_37' title="bbox 193 3306 1201 3389; baseline 0.001 -22"><span class='ocrx_word' id='word_1_296' title='bbox 193 3306 273 3384; x_wconf 89' lang='lat' dir='ltr'><strong>plum</strong></span> <span class='ocrx_word' id='word_1_297' title='bbox 293 3309 353 3369; x_wconf 80' lang='lat' dir='ltr'><strong>tole</strong></span> <span class='ocrx_word' id='word_1_298' title='bbox 376 3317 439 3385; x_wconf 89' lang='lat' dir='ltr'><strong>est,</strong></span> <span class='ocrx_word' id='word_1_299' title='bbox 461 3317 493 3369; x_wconf 92' lang='lat' dir='ltr'><strong>ut</strong></span> <span class='ocrx_word' id='word_1_300' title='bbox 515 3309 592 3371; x_wconf 85' lang='lat' dir='ltr'><strong>idem</strong></span> <span class='ocrx_word' id='word_1_301' title='bbox 613 3311 642 3369; x_wconf 91' lang='lat' dir='ltr'><strong>in</strong></span> <span class='ocrx_word' id='word_1_302' title='bbox 661 3310 823 3387; x_wconf 81' lang='lat' dir='ltr'><strong>diversum,</strong></span> <span class='ocrx_word' id='word_1_303' title='bbox 839 3312 865 3370; x_wconf 91' lang='lat' dir='ltr'><strong>si</strong></span> <span class='ocrx_word' id='word_1_304' title='bbox 882 3319 963 3372; x_wconf 81' lang='lat' dir='ltr'><strong>retro</strong></span> <span class='ocrx_word' id='word_1_305' title='bbox 982 3329 1072 3389; x_wconf 71' lang='lat' dir='ltr'><strong>eges,</strong></span> <span class='ocrx_word' id='word_1_306' title='bbox 1091 3308 1201 3369; x_wconf 80' lang='lat' dir='ltr'><strong>velent.</strong></span> 
     </span>
    </p>
   </div>
   <div class='ocr_carea' id='block_1_3' title="bbox 150 3386 1204 3588">
    <p class='ocr_par' dir='ltr' id='par_1_6' title="bbox 150 3386 1204 3588">
     <span class='ocr_line' id='line_1_38' title="bbox 194 3386 1203 3475; baseline 0.002 -26"><span class='ocrx_word' id='word_1_307' title='bbox 194 3386 386 3470; x_wconf 73' lang='lat' dir='ltr'><strong>consequens</strong></span> <span class='ocrx_word' id='word_1_308' title='bbox 403 3394 477 3453; x_wconf 86' lang='lat' dir='ltr'><strong>enim</strong></span> <span class='ocrx_word' id='word_1_309' title='bbox 495 3402 557 3469; x_wconf 86' lang='lat' dir='ltr'><strong>est,</strong></span> <span class='ocrx_word' id='word_1_310' title='bbox 573 3409 645 3472; x_wconf 83' lang='lat' dir='ltr'><strong>uos,</strong></span> <span class='ocrx_word' id='word_1_311' title='bbox 662 3396 711 3473; x_wconf 84' lang='lat' dir='ltr'><strong>qui</strong></span> <span class='ocrx_word' id='word_1_312' title='bbox 726 3395 806 3454; x_wconf 84' lang='lat' dir='ltr'><strong>inviti</strong></span> <span class='ocrx_word' id='word_1_313' title='bbox 821 3393 888 3455; x_wconf 79' lang='lat' dir='ltr'><strong>duo&#39;i</strong></span> <span class='ocrx_word' id='word_1_314' title='bbox 905 3411 964 3454; x_wconf 89' lang='lat' dir='ltr'><strong>oon</strong></span> <span class='ocrx_word' id='word_1_315' title='bbox 978 3395 1143 3475; x_wconf 85' lang='lat' dir='ltr'><strong>potuerint,</strong></span> <span class='ocrx_word' id='word_1_316' title='bbox 1159 3393 1203 3451; x_wconf 92' lang='lat' dir='ltr'><strong>in-</strong></span> 
     </span>
     <span class='ocr_line' id='line_1_39' title="bbox 150 3473 1204 3588; baseline 0.002 -54"><span class='ocrx_word' id='word_1_317' title='bbox 150 3473 269 3535; x_wconf 74' lang='lat' dir='ltr'><strong>devitos</strong></span> <span class='ocrx_word' id='word_1_318' title='bbox 283 3491 341 3536; x_wconf 92' lang='lat' dir='ltr'><strong>non</strong></span> <span class='ocrx_word' id='word_1_319' title='bbox 355 3477 490 3588; x_wconf 75' lang='lat' dir='ltr'><strong>potuisse</strong></span> <span class='ocrx_word' id='word_1_320' title='bbox 504 3479 633 3538; x_wconf 79' lang='lat' dir='ltr'><strong>retineri.</strong></span> <span class='ocrx_word' id='word_1_321' title='bbox 665 3477 719 3540; x_wconf 81' lang='lat' dir='ltr'><strong>liin</strong></span> <span class='ocrx_word' id='word_1_322' title='bbox 735 3494 870 3558; x_wconf 81' lang='lat' dir='ltr'><strong>quoque,</strong></span> <span class='ocrx_word' id='word_1_323' title='bbox 889 3496 965 3558; x_wconf 79' lang='lat' dir='ltr'><strong>quoe</strong></span> <span class='ocrx_word' id='word_1_324' title='bbox 981 3496 1021 3540; x_wconf 84' lang='lat' dir='ltr'><strong>ex</strong></span> <span class='ocrx_word' id='word_1_325' title='bbox 1033 3477 1122 3539; x_wconf 85' lang='lat' dir='ltr'><strong>rebus</strong></span> <span class='ocrx_word' id='word_1_326' title='bbox 1140 3493 1204 3538; x_wconf 87' lang='lat' dir='ltr'><strong>mu·</strong></span> 
     </span>
    </p>
   </div>
   <div class='ocr_carea' id='block_1_4' title="bbox 0 0 1300 3940">
    <p class='ocr_par' dir='ltr' id='par_1_7' title="bbox 0 0 1300 3940">
     <span class='ocr_line' id='line_1_40' title="bbox 0 0 1300 3940; baseline 0 1"><span class='ocrx_word' id='word_1_327' title='bbox 0 0 1300 3940; x_wconf 95' lang='lat' dir='ltr'><strong> </strong></span> 
     </span>
    </p>
   </div>
  </div>
 </body>
</html>
