2608 3948
374 205 464 254 nisu.
482 205 632 256 cnecon.
649 206 720 256 uun.
735 208 773 274 v,
789 207 814 258 1.
1036 194 1094 258 tot

478 469 657 535 LIBER
683 469 726 534 V.

94 599 172 652 Libro
188 600 275 665 quinto
292 599 356 656 baec
370 602 542 650 eontinentur:
563 600 602 652 De
614 600 809 667 probationibus
823 598 1038 655 inartificialibus.
1058 601 1098 654 De

126 667 302 736 praeiudiciis.
322 667 361 720 De
370 683 480 720 rumore.
497 669 535 721 De
544 670 686 721 tormentis.
707 669 745 719 De
753 668 859 720 tabulis.
878 667 915 720 De
924 669 1096 725 iureiurando.

126 737 164 788 lie
174 738 292 790 testibus
322 736 361 788 De
374 737 524 804 probatione
542 737 678 792 artificiali.
711 739 749 788 De
760 739 853 804 signis
884 739 921 790 De
931 740 1096 806 argumentis

128 808 166 856 De
184 805 319 873 exemplis.
361 806 399 857 Do
416 823 466 858 usu
487 815 701 874 argumentorum.
742 807 781 858 De
801 806 963 862 refutatione.
1000 808 1099 869 Quibus

127 882 226 926 constet
239 874 405 942 epichirema.
445 877 477 927 lit
492 876 586 940 quibus
599 875 731 929 refellatur
744 876 838 930 modis
875 876 914 928 De
930 893 981 929 usn
999 877 1098 980 epicini-

128 950 239 997 remotos
256 952 280 996 et
298 945 509 1024 enthymematos.

272 1095 315 1145 DE
329 1095 591 1150 PROBATIONIBUS
607 1095 916 1150 lNARTiFIGlALlBUS.

177 1167 425 1263 Prooemium.
462 1192 590 1256 Fuerunt
605 1203 635 1254 et
653 1193 725 1260 clari
741 1193 858 1271 quidem
872 1202 1020 1270 auctores,
1035 1195 1097 1273 qui·

92 1278 146 1341 bus
166 1277 261 1340 solum
276 1278 426 1340 videretur
442 1281 567 1340 oratoris
583 1277 710 1344 cilicium
725 1277 849 1346 docera;
870 1295 995 1377 namque
1010 1286 1040 1338 et
1055 1276 1097 1338 ai·

92 1363 189 1424 lectus
210 1360 318 1440 duplici
339 1362 451 1422 ratione
480 1361 682 1425 excludendos
705 1359 859 1441 putabam,
888 1362 1009 1462 primurn
1031 1362 1098 1439 quia

92 1448 191 1508 vitium
206 1453 287 1506 esset
301 1445 392 1506 omnis
414 1447 497 1506 animi
512 1445 709 1525 perturbatio,
730 1445 836 1507 deinde
855 1447 923 1524 quia
942 1445 1098 1508 iudicema

93 1531 218 1590 veritate
234 1527 306 1607 pelli
321 1515 531 1606 misericordia,
549 1531 642 1606 gratia
653 1529 852 1608 similibusque
864 1546 921 1590 non
933 1536 1097 1608 oporteret,

95 1623 126 1675 et
140 1613 319 1692 voluptatem
335 1612 509 1673 audientium
520 1622 634 1692 petere,
652 1631 715 1673 eum
728 1614 862 1674 vincendi
879 1622 986 1674 tautum
1003 1614 1097 1689 gratia

95 1697 257 1772 liceretur,
279 1712 337 1755 non
352 1697 438 1756 modo
455 1698 552 1774 agenti
571 1714 783 1775 supervacuum
798 1697 851 1757 sed
869 1699 918 1756 vix
934 1698 1019 1756 etiarn
1033 1696 1097 1754 viro
1166 1717 1183 1732 ν

94 1781 211 1860 dignum
229 1778 454 1850 arbitrabantum
477 1781 578 1859 plures
592 1798 683 1854 vero,
707 1782 756 1858 qui
771 1798 827 1842 neo
844 1779 881 1840 ab
896 1779 955 1844 iliis
969 1781 1032 1844 sine
1047 1778 1126 1838 dut

93 1864 143 1925 bio
159 1863 288 1943 partibus
308 1864 449 1924 rationem
473 1864 573 1926 orandi
590 1873 820 1940 commoverent,
843 1863 901 1925 hoo
916 1872 1011 1926 minen
1030 1878 1097 1942 pro·

94 1949 188 2028 prium
203 1956 290 2026 etque
305 1949 494 2026 praecipuum
509 1948 663 2014 crederent
683 1964 773 2026 opus,
794 1966 849 2011 uua
868 1947 1039 2010 confirmare
1057 1953 1097 2020 el,

94 2050 171 2112 quae
187 2049 224 2096 err
238 2032 364 2096 adverso
377 2039 621 2110 proponerentur,
637 2031 775 2093 refutare.
808 2030 1026 2110 Utrumcunque
1041 2035 1126 2104 est‚³
1162 2089 1167 2100 ,

95 2115 207 2196 (usque
225 2117 300 2178 enirn
321 2115 379 2177 boc
394 2115 462 2177 loco
477 2135 570 2178 meam
586 2117 741 2195 interpono
757 2117 950 2196 seutentiam)
971 2115 1019 2176 bic
1043 2113 1099 2177 crit

94 2199 169 2261 liber
188 2201 304 2262 illorum
322 2202 459 2278 opinione
479 2203 602 2262 maxine
622 2203 824 2278 necessarius,
853 2201 919 2281 quia
939 2208 1002 2261 toto
1024 2199 1101 2260 baec

95 2284 160 2344 sola
178 2292 349 2353 tractantur;
369 2284 472 2362 quibus
488 2303 558 2346 saue
575 2294 604 2345 et
620 2303 670 2361 ea,
688 2303 762 2363 quae
778 2285 815 2346 de
831 2283 1013 2346 iudicialibus
1030 2299 1097 2343 cau·

93 2368 136 2428 sis
157 2368 311 2429 iamdicta
333 2377 413 2444 sunt,
434 2369 572 2429 serviunt.
618 2368 691 2431 Nam
711 2386 807 2447 neque
833 2368 976 2447 prooemii
1001 2371 1128 2444 nequet

92 2453 266 2514 narrationis
289 2459 339 2510 est·
349 2449 425 2511 alius
438 2469 524 2528 usus,
547 2469 631 2530 quam
649 2461 679 2512 ut
689 2452 812 2518 iudicem
825 2451 893 2513 huic
907 2457 1097 2530 praeparem

95 2543 125 2596 et
146 2543 237 2594 status
260 2549 349 2598 nosse
368 2543 455 2613 etque
476 2553 526 2612 ea,
552 2533 715 2614 dequibus
738 2553 826 2614 supra
848 2535 1035 2613 scripsimus,
1055 2534 1097 2592 in·

94 2621 185 2694 tueri,
207 2636 419 2698 supervacuum
439 2618 532 2696 toret,
556 2620 611 2678 uisi
631 2619 667 2680 ad
682 2618 756 2682 banc
773 2619 1001 2697 perveniremus.
1037 2615 1126 2676 lie-5

93 2705 181 2782 nique
200 2721 239 2764 err
260 2704 403 2782 quinque,
427 2720 498 2781 quas
520 2701 663 2764 iudicialis
688 2703 826 2766 materiae
846 2703 984 2777 lecimus,
1008 2702 1096 2780 parti-

93 2787 158 2864 bus,
177 2804 368 2867 quaecunque
385 2786 441 2850 alia
456 2794 556 2865 potest
569 2785 903 2865 aliquandonecessaria
919 2802 1026 2848 causae
1039 2802 1097 2845 non

95 2889 185 2941 essee
205 2871 242 2934 iis
263 2871 341 2934 nulla
363 2880 426 2946 est,
448 2873 494 2932 cui
514 2869 738 2950 probatione
762 2888 836 2950 opus
858 2887 915 2930 uon
936 2871 982 2930 sit.
1025 2869 1096 2930 Eius

93 2964 254 3036 praecepta
269 2957 313 3018 sie
328 2957 436 3034 optime
452 2954 571 3016 divisuri
585 2954 725 3031 videmur,
743 2965 774 3016 ut
785 2956 875 3034 prius,
893 2956 1007 3035 quaein
1019 2971 1096 3015 com·

92 3055 179 3100 mnne
199 3040 235 3100 ad
262 3057 361 3102 ornnes
379 3041 566 3119 quaestiones
582 3040 744 3118 pertinent,
760 3038 958 3107 ostendamus:
980 3037 1096 3111 deinde,

95 3139 171 3200 quae
185 3124 215 3182 in
227 3140 344 3200 quoque
360 3141 466 3184 causae
482 3141 593 3201 genere
610 3125 729 3203 propria
743 3125 810 3201 sint,
826 3139 1013 3202 exequamur.

179 3205 202 3265 Ι.
230 3205 276 3267 Ao
295 3208 386 3284 prima
404 3208 518 3284 quidem
536 3208 585 3271 illa
609 3209 727 3288 partitio
751 3207 787 3268 ab
810 3203 971 3268 Aristotele
993 3203 1095 3264 tradite

96 3306 270 3350 consensum
284 3289 348 3351 lere
364 3291 487 3350 omniurn
505 3293 618 3368 meruit,
634 3291 706 3354 aliam
725 3308 793 3353 osse
807 3288 1006 3369 probationes,
1024 3305 1096 3366 quas

95 3382 179 3435 extra
193 3373 307 3436 doeudi
322 3375 463 3434 rationem
475 3377 623 3453 acciperet
636 3385 751 3444 orator;
768 3375 851 3448 elias,
868 3389 939 3451 quas
955 3389 993 3431 ex
1009 3388 1096 3432 causa

95 3458 248 3522 traheret
238 3475 303 3538 ipse
319 3467 349 3518 et
369 3458 493 3538 quodam
510 3459 597 3520 modo
611 3461 755 3538 gigneret.
785 3457 915 3536 Ideoque
930 3446 1034 3516 illas'
1015 3453 1096 3536 uriz·

1146 3587 1294 3680 Δ
