2594 3934
178 221 238 288 198
486 177 528 282 ἰι
546 232 624 280 rus.
643 231 864 291 numeramur

172 393 287 471 rogatio
304 399 358 451 est.
388 387 543 449 liiificilior
556 387 630 464 hoc,
652 387 728 466 quod
744 403 811 448 raro
827 405 951 466 unquam
970 399 1096 467 possunt
1111 401 1187 452 ante

173 478 307 540 iudicium
331 475 425 550 scire,
453 472 521 552 quid
543 473 625 532 testis
647 471 775 532 dicturus
795 472 847 540 sit;
876 472 1056 550 expeditior,
1087 475 1184 552 quod,

129 573 240 627 lacum
256 557 477 638 interrogandus
493 565 553 632 est,
570 557 677 632 sciunt,
695 555 763 635 qnid
780 555 896 616 dixerit.
919 555 1037 636 ltaque,
1054 559 1135 636 quod
1149 561 1184 627 in

174 663 210 706 eo
230 649 371 706 incertum
393 651 453 716 est,
480 658 549 702 cura
570 649 599 700 et
619 641 805 718 inquisitione
826 656 900 719 opus
920 648 982 717 est,
1008 643 1075 719 quis
1095 660 1183 703 reun.

173 738 299 810 premat,
326 745 397 807 quas
419 734 448 786 et
469 723 572 804 quibus
594 741 631 784 ex
647 725 742 784 causis
757 725 919 784 inimicitias
934 723 1056 794 habeat:
1082 743 1181 804 eaque

172 816 200 874 in
216 815 347 875 oratione
362 807 557 890 praedicenda
572 817 659 886 atque
673 807 835 870 amolienda
851 816 932 884 sunt,
948 810 1010 868 sive
1025 809 1094 869 odio
1108 827 1181 869 con·

172 897 257 958 llatos
278 903 370 956 testes
392 895 454 952 sive
476 891 584 952 invidia
605 894 667 951 sive
688 896 782 971 gratia'
796 893 859 952 sire
875 895 999 972 pecunia
1015 893 1110 953 videri
1124 911 1180 954 vo·

171 981 273 1041 lomus.
307 978 384 1038 Etsi
402 976 553 1037 delicietur
567 994 685 1037 numero
701 993 768 1055 pars
783 975 917 1052 diversa,
936 979 1128 1055 paucitatem
1151 979 1180 1037 si

171 1062 341 1139 abundabit,
365 1061 627 1138 conspirationem:
649 1062 674 1120 si
693 1060 816 1122 humiles
834 1060 995 1139 producet,
1017 1061 1177 1131 vilitatem

128 1150 195 1221 24si
211 1156 358 1227 potentes,
374 1147 495 1223 gratiam
512 1143 659 1223 oportebit
672 1146 833 1204 incessere.
858 1144 925 1204 Plus
937 1153 1033 1204 tamen
1044 1145 1179 1223 proderit

171 1249 292 1308 causas,
320 1239 441 1310 propter
463 1247 534 1308 quas
556 1247 636 1288 reum
657 1228 787 1303 laedant,
816 1245 981 1306 exponere;
1013 1239 1178 1306 quaesunt

170 1319 268 1376 variae
291 1315 320 1375 et
343 1331 396 1394 pro
419 1314 590 1374 condicione
606 1313 747 1391 cuiusque
762 1311 819 1372 litis
836 1321 883 1370 aut
903 1313 1067 1389 litigatoris.
1103 1311 1177 1372 Nam

172 1409 271 1460 contra
292 1399 359 1474 illa,
387 1415 462 1476 quae
483 1413 571 1474 supra
594 1395 733 1472 diximus,
760 1395 845 1456 simili
864 1397 976 1456 ratione
1000 1396 1176 1475 responderi

171 1483 245 1543 locis
269 1479 465 1540 communibus
488 1479 579 1548 solet;
605 1479 671 1557 quia
693 1487 722 1539 et
743 1479 771 1539 in
795 1480 897 1557 paucis
917 1489 1004 1558 atque
1019 1479 1175 1540 humilibus

170 1573 324 1626 accusator
339 1562 524 1642 simplicitate
539 1563 661 1640 gloriari
675 1571 789 1641 potest,
806 1563 884 1641 quod
899 1564 1042 1623 neminem
1056 1572 1176 1643 praeter

171 1666 240 1725 eos,
264 1651 312 1728 qni
336 1649 448 1727 possint
462 1649 555 1724 scire,
572 1649 743 1726 quaesierit;
765 1654 795 1705 et
810 1647 916 1707 multos
931 1655 1018 1727 atque
1032 1647 1174 1708 honestos

127 1733 373 1800 recommendare
388 1732 534 1811 aliquanto
549 1740 593 1791 est
605 1731 730 1791 facilius.
753 1729 863 1790 Verum
874 1732 987 1791 interim
1000 1740 1028 1791 et
1041 1732 1173 1809 singulos

170 1827 200 1878 nt
222 1834 366 1877 exornare
387 1818 426 1876 ita
452 1817 604 1877 destruere
627 1816 782 1892 contingit,
804 1824 852 1874 aut
867 1817 996 1878 recitatis
1013 1819 1042 1875 in
1058 1819 1174 1876 actione

170 1910 217 1962 aut
237 1903 388 1962 nominatis
411 1900 543 1960 testibus.
585 1898 670 1974 Quod
691 1900 726 1958 iis
746 1899 943 1976 temporibus,
965 1899 1069 1978 quibus
1089 1900 1173 1961 testis

169 2003 226 2046 non
241 1995 309 2065 post
323 1985 415 2048 linitas
430 1987 561 2044 actiones
579 1983 752 2060 rogabatur,
770 1990 799 2042 et
815 1981 929 2043 iacilius
946 1991 975 2042 et
989 1980 1173 2063 frequentius

169 2068 232 2128 luit.
261 2068 337 2141 Quid
353 2076 447 2128 autem
462 2069 490 2126 in
506 2083 650 2146 quemque
664 2067 780 2126 testium
794 2065 947 2127 dicendum
960 2067 1013 2144 sit,
1030 2067 1103 2127 sumi
1118 2065 1173 2125 nisi

170 2169 207 2210 ex
222 2152 351 2228 ipsorum
367 2151 501 2228 personis
516 2166 574 2208 non
587 2157 694 2226 potest.

126 2251 161 2306 26
252 2230 395 2310 Reliquae
412 2231 670 2308 interrogandi
686 2241 750 2291 sunt
761 2242 870 2311 partes.
892 2233 955 2308 Qua
966 2235 995 2294 in
1007 2253 1040 2294 re
1052 2237 1171 2314 primum

169 2325 215 2376 est
234 2333 322 2376 nosse
343 2324 455 2375 testem.
493 2315 565 2376 llam
581 2315 694 2376 timidus
713 2319 834 2394 terreri,
857 2318 962 2379 stultus
982 2319 1093 2397 decipi,
1117 2321 1171 2380 ira·
1277 2371 1278 2380 ,

170 2401 278 2459 condus
299 2401 454 2476 concitari,
477 2397 644 2460 ambitiosus
660 2399 768 2477 inllari,
790 2401 896 2479 longuis
911 2402 1041 2481 protrahi
1056 2412 1170 2481 potest:
1277 2395 1278 2402 '

168 2483 295 2562 prudens
317 2501 388 2545 vero
412 2493 442 2544 et
462 2493 598 2545 constans
618 2483 667 2545 vel
690 2494 823 2565 tanquam
842 2486 971 2546 inimicus
987 2497 1016 2547 et
1032 2489 1173 2565 pervicax

168 2567 351 2630 dimittendus
372 2571 467 2629 statim
487 2569 533 2628 vel
557 2586 614 2629 non
635 2571 861 2648 interrogatione
884 2571 937 2630 sed
952 2569 1034 2630 brevi
1051 2571 1172 2630 interlo-

168 2653 284 2712 cutione
300 2654 414 2732 patroni
432 2652 599 2713 refutandus
616 2663 662 2712 est
684 2662 731 2712 aut
748 2653 862 2732 aliquo,
887 2655 912 2714 si
934 2657 1100 2732 continget,
1125 2673 1171 2713 ur-

167 2733 242 2794 bane
265 2736 343 2796 dicto
357 2737 573 2814 refrigerandus
596 2747 660 2813 aut,
684 2739 708 2796 si
731 2736 798 2815 quid
820 2739 849 2796 in
865 2739 926 2796 eius
942 2739 1028 2798 vitam
1042 2738 1100 2798 dici
1118 2755 1169 2816 po⁴

18 2845 19 2904 ,
124 2829 158 2885 27
166 2819 250 2892 terit,
268 2819 382 2877 infamia
400 2822 546 2879 criminum
561 2819 762 2880 destruendus.
791 2819 902 2880 Probos
919 2822 1058 2899 quosdam
1074 2831 1103 2881 et
1119 2839 1170 2882 ve·

18 2911 19 2916 ’
166 2899 312 2959 recuudos
335 2918 392 2960 non
413 2906 684 2981 aspereincessere
698 2903 823 2982 proiuit;
846 2922 909 2964 nam
925 2923 1031 2982 saepe,
1056 2907 1104 2984 qui
1122 2905 1170 2965 ad·

166 3001 270 3043 versus
285 2985 475 3046 insectantem
492 2995 616 3064 pugnat,
633 2989 774 3049 modestia
786 2989 941 3064 mitigatur.
964 2986 1061 3048 Omnis
1074 2997 1170 3049 autem

165 3068 355 3146 interrogatio
377 3077 426 3129 aut
448 3071 484 3129 in
512 3087 626 3130 causa
655 3081 700 3131 est
724 3080 772 3130 aut
800 3081 905 3131 extra
934 3089 1088 3132 causam.
1132 3071 1170 3132 ln
1277 3091 1278 3096 ¹

166 3169 293 3228 causa,
317 3153 392 3212 sicut
413 3154 577 3214 accusatori
599 3156 816 3233 praecepimus,
840 3163 977 3234 patronus
994 3173 1113 3234 quoque
1128 3155 1175 3215 al··

165 3235 221 3293 tius
240 3245 284 3312 et,
301 3238 376 3296 unde
388 3237 457 3297 nihil
468 3240 598 3316 suspecti
611 3240 664 3313 sit,
681 3239 805 3316 repetita
817 3241 1053 3317 percontatione,
1070 3241 1168 3318 priora
1277 3281 1278 3296 r

166 3319 355 3394 sequentibus
376 3321 549 3400 applicando
571 3338 661 3399 saepe
684 3339 719 3380 eo
742 3321 875 3399 perducit
895 3321 1040 3398 homines,
1074 3332 1106 3381 ut
1127 3324 1166 3381 iu·

123 3400 230 3460 teritis
246 3402 324 3479 qnod
339 3406 431 3481 prosit
448 3412 631 3483 extorqueat.
651 3402 721 3461 llius
737 3405 779 3462 rei
795 3406 857 3464 sine
874 3403 960 3464 dubio
973 3423 1069 3484 neque
1081 3404 1166 3464 disci·

166 3480 245 3558 plina
264 3483 323 3544 ulla
345 3487 373 3545 in
396 3487 506 3546 scholis
527 3504 622 3566 neque
644 3487 814 3545 exercitatio
839 3486 976 3564 traditur,
999 3497 1028 3547 et
1044 3486 1166 3547 naturali
