2570 3946
400 209 490 258 mou.
504 205 810 275 conseminat).
1064 198 1106 262 45

105 367 320 448 prehenduntur
342 383 359 427 a
380 365 515 426 curiosis.
548 361 594 422 lits
610 379 669 440 quo
685 361 752 422 mihi
773 364 849 424 inter
870 345 996 425 virtutes
1010 383 1106 444 granu

104 454 200 515 malici
224 449 378 514 habebitur
400 449 496 528 aliqua
518 448 643 507 nescire.

381 587 570 653 occsurum
590 598 806 652 assumantur.

189 701 240 763 lX.
278 699 315 762 Et
337 699 435 760 linitae
458 700 575 779 quidem
598 706 666 759 sunt
691 707 790 778 partes
819 699 912 775 duae,
935 716 1008 778 quas
1031 700 1106 762 haec

99 786 252 867 professio
274 783 451 862 pollicetur,
473 783 502 846 id
529 792 574 844 est
593 785 667 844 ratio
690 783 828 862 loquendi
848 791 878 844 et
896 785 1042 846 enarratio
1057 803 1105 846 au-

102 879 231 946 ctorum,
256 883 375 947 quarum
393 867 479 941 ,ittam
501 868 690 930 methodicen
711 868 786 929 hanc
802 867 973 930 historicen
988 879 1104 930 uocant.
1135 875 1137 878 ’

102 953 279 1013 hdiioiamus
300 962 396 1013 tamen
409 963 519 1012 tearum
537 969 625 1014 curae
644 951 786 1030 quaedam
802 949 919 1016 dicendi
937 953 1104 1029 primordia,

101 1037 207 1116 quihus
225 1037 479 1099 aetatesnondum
496 1036 646 1099 rhetorem
661 1037 811 1114 capientes
828 1036 986 1099 instituant.
1014 1035 1130 1114 lgiturh

103 1121 215 1201 Aesopi
234 1120 377 1197 labellus,
401 1137 477 1198 quae
498 1119 606 1180 labulis
624 1119 830 1180 nutricularum
848 1121 982 1198 proxime
1001 1137 1105 1182 succe·

101 1204 188 1283 tuns,
211 1222 330 1267 narrare
353 1221 489 1266 sermone
512 1222 586 1284 puro
609 1212 638 1264 ct
659 1203 729 1264 nihil
750 1222 785 1263 se
806 1203 1031 1282 supramodum
1055 1223 1105 1264 cx-

102 1290 242 1365 tollente,
271 1289 377 1353 deindo
404 1289 525 1352 eandem
548 1288 742 1366 gracilitatem
768 1287 836 1349 stilo
857 1288 981 1366 exigere
1005 1289 1105 1348 condi-

101 1384 200 1443 scant;
217 1375 434 1456 uersusprimo
441 1372 576 1450 soluere,
592 1373 785 1436 monmutatis
798 1371 1104 1452 rerhisinterpretari,

103 1466 162 1518 tum
183 1457 353 1536 paraphrasi
376 1449 513 1517 audacius
532 1465 665 1533 vertera,
689 1465 791 1535 quaet
810 1455 946 1518 breviare
964 1456 1105 1535 quaedam

103 1551 135 1602 et
157 1557 302 1602 exornare
327 1539 411 1600 saluo
436 1541 523 1602 modo
548 1549 655 1619 poetae
680 1558 768 1601 sensu
794 1541 977 1619 permittitur.
1019 1539 1130 1614 Quod3

102 1641 178 1704 opus
193 1627 279 1686 etiam
297 1625 501 1685 consummatis
518 1624 736 1704 professoribus
752 1623 872 1687 diihcile
889 1627 937 1702 qui
952 1625 1105 1686 commode

102 1710 287 1784 tractaverit,
306 1710 469 1788 unicunque
484 1708 624 1771 discendo
639 1709 776 1772 suihoiet.
801 1710 970 1770 Sententiae
986 1726 1104 1788 quoque

103 1802 132 1854 et
155 1792 255 1858 chriae
277 1801 307 1852 ct
329 1792 498 1870 ethologiae
520 1793 660 1856 subiectis
682 1792 825 1853 dictorum
846 1791 1006 1864 rationibus
1027 1793 1105 1872 apud

101 1877 308 1956 grammaticos
331 1875 510 1953 scribantur,
541 1879 607 1955 quia
632 1878 740 1938 initium
766 1893 805 1935 ex
833 1875 960 1936 lectione
982 1877 1104 1944 duonum

102 1978 225 2040 quorum
243 1961 368 2020 omnium
386 1960 487 2023 similis
507 1962 661 2037 estrada,
684 1961 777 2020 lorma
796 1959 929 2037 diversa,
951 1961 1018 2038 quia
1039 1977 1105 2020 sen·

101 2045 192 2106 tentia
213 2045 386 2106 universalis
412 2053 458 2104 est
482 2059 557 2121 vox,
592 2044 742 2122 ethologia
768 2044 904 2122 personis
931 2046 1103 2104 continetur.

102 2127 253 2190 chriarum
273 2129 358 2208 plura
380 2147 490 2206 genera
513 2130 678 2190 tradunturc
704 2145 791 2188 onum
813 2127 907 2189 simile
929 2129 1129 2205 sententiae,l

103 2214 180 2292 quod
202 2223 247 2276 est
263 2215 395 2292 positum·
407 2215 436 2273 in
451 2231 528 2274 uoce
543 2214 685 2293 simplici,
707 2211 794 2274 lttctt
810 2212 881 2289 ttte,
903 2221 968 2289 aut,
990 2211 1106 2275 Dicere

101 2297 239 2366 calchum,-
266 2299 402 2374 alterum,
428 2297 505 2376 quod
528 2307 573 2358 est
594 2300 624 2358 in
644 2297 868 2377 respondendo,
892 2294 1107 2376 metropolus

99 2383 169 2458 ttto,
185 2381 248 2457 vel,
265 2401 334 2444 cum
348 2383 407 2444 huc
422 2383 452 2442 ei
465 2382 581 2444 dictum
596 2392 692 2460 essct,
709 2381 889 2462 respondit,·
911 2381 1025 2440 tertium
1039 2379 1107 2440 huic
1124 2415 1127 2421 ι

101 2481 160 2526 non
173 2463 324 2541 dissimile,
339 2485 407 2526 cam
422 2468 492 2544 quio
502 2467 632 2530 dicaret
643 2467 780 2546 aliquid:
794 2467 843 2528 vel
853 2465 988 2545 fecisset.
1011 2463 1131 2530 Etiam5

102 2551 132 2610 in
154 2549 283 2626 ipsorum
305 2549 389 2609 iactis
413 2567 480 2611 esse
504 2549 612 2610 chriam
634 2559 750 2629 putant,
773 2559 804 2610 ut
826 2546 952 2621 Crates,
973 2563 1043 2608 oum
1060 2549 1105 2608 iu·

102 2635 225 2696 doctum
246 2651 376 2711 puerum
394 2635 535 2710 auocet,
555 2637 772 2714 poedagogum
794 2636 860 2695 eiua
880 2632 1055 2711 percensita
1077 2638 1106 2690 et

102 2715 180 2778 aliud
203 2733 298 2796 paene
322 2733 375 2796 par
400 2717 444 2793 ei,
467 2718 545 2796 quod
569 2725 665 2778 tamen
687 2719 791 2780 eodsrn
815 2719 930 2777 nomine
953 2715 1105 2796 appellare

101 2818 160 2864 uon
187 2801 294 2862 audent
323 2801 377 2866 sed
396 2800 495 2862 dicunt
522 2802 670 2885 χρειῶδες,
699 2811 731 2862 ut
753 2799 841 2880 litto,
869 2818 959 2882 quem
980 2802 1105 2866 uitulum

101 2895 283 2949 aameocrot
301 2887 403 2966 ferae,
426 2893 549 2948 taurum
564 2887 696 2966 ferebat.
729 2885 761 2946 ln
783 2887 827 2946 his
849 2885 980 2947 omnihus
1005 2896 1034 2949 et
1055 2886 1105 2947 de·

102 2969 220 3031 clinatio
242 2987 296 3049 per
318 2971 439 3032 eosdem
461 2971 574 3032 ducitur
596 2989 698 3047 casus,
726 2980 756 3031 et
777 2979 834 3033 tam
855 2972 998 3033 laetorum
1021 2989 1105 3050 quam

102 3053 246 3114 dicturum
267 3057 342 3116 ratio
365 3063 420 3116 est.
452 3054 688 3116 Narratiunculas
712 3057 843 3136 apoetis
867 3054 1031 3116 celebratas
1052 3071 1130 3126 no-(5

103 3136 186 3196 titiae
202 3154 290 3198 causa
308 3156 366 3200 non
382 3137 569 3217 eloquentiae
592 3140 756 3201 tractandas
776 3147 857 3218 puto.
888 3136 995 3200 Cetera
1014 3139 1104 3197 maio-

102 3221 144 3280 ris
161 3221 260 3298 operis
278 3239 313 3282 ac
330 3223 448 3301 spiritus
463 3222 554 3284 Latini
571 3223 706 3284 rhetores
724 3223 916 3302 relinquendo
936 3223 1105 3282 necessaria

100 3304 298 3382 grammaticis
313 3305 459 3374 iecerunt·
476 3306 580 3367 Graeci
594 3311 686 3385 magis
702 3325 823 3387 opernm
838 3322 956 3366 suorum
972 3313 1001 3366 et
1016 3321 1107 3366 onera

101 3397 133 3448 et
155 3387 271 3450 modum
291 3399 404 3452 norunt.
