2608 3948
385 220 473 271 msn.
493 219 641 270 onnnon.
658 222 726 269 nna.
743 221 799 288 111,
814 217 840 272 a.
1058 209 1114 271 141

22 429 24 436 .
115 378 246 456 Rmtapri
265 395 308 440 ao
330 373 513 451 Fidenates,
532 377 648 439 Graeci
663 394 705 438 an
726 377 872 452 barbari,
896 384 924 435 et
939 377 968 434 in
983 376 1116 454 singulis,

117 459 230 524 Cutem
241 459 390 539 petendos
408 460 539 521 bonores
554 461 743 522 suadeamus
759 476 800 520 au
817 457 857 521 C,
868 457 987 536 Mario,
1008 460 1048 521 de
1064 479 1116 521 ra·

115 547 196 608 tione
213 544 285 606 belli
303 541 408 621 Scipio
424 544 514 620 prior
533 563 575 605 au
597 541 712 606 Fabius
732 543 888 605 deliberet.
933 541 1056 603 Proinde
1075 545 1165 602 inae·

115 627 222 688 tuenda
239 643 344 702 sexus,
366 625 506 702 dignitas,
528 636 619 686 aetus.
657 626 715 686 Sed
730 642 827 685 mores
842 627 1001 705 praecipue
1015 626 1116 687 discri-

114 729 182 772 men
197 709 314 771 dabunt.
344 708 383 768 Et
398 709 522 769 honesta
537 709 652 788 quidem
666 709 795 768 honestis
810 708 935 770 suadere
950 709 1117 771 facillimum

116 804 176 863 est;
203 795 319 852 sivero
341 791 416 870 apud
439 801 539 871 turpes
558 801 640 853 recta
662 793 795 852 obtinere
816 792 998 868 conabimur,
1021 811 1058 854 ne
1074 795 1115 853 vi·

117 879 237 938 deamur
254 876 435 954 exprobrare
460 876 604 937 diversam
624 877 702 936 vitae
718 884 844 952 sectam,
869 876 1037 937 cavendum.
1078 876 1158 937 ittae

117 961 227 1021 animus
258 959 444 1040 deliberantis
475 976 532 1020 non
561 962 625 1038 ipsa
654 959 769 1020 bonesti
797 968 916 1036 natura,
951 977 1037 1039 quam
1064 960 1117 1021 ille

116 1061 175 1104 non
195 1044 331 1122 respicit,
356 1043 584 1122 permovendos,
611 1042 665 1102 sed
682 1042 783 1117 laude,
808 1042 888 1119 vulgi
909 1044 1061 1122 opinione,
1087 1053 1117 1103 et

116 1129 263 1207 siparum
288 1126 422 1206 proficiet
445 1127 519 1188 baec
540 1122 670 1202 vanitas,
698 1134 834 1186 secutura
855 1144 894 1186 ex
914 1125 958 1186 bis
980 1127 1115 1202 utilitate,

116 1210 264 1289 aliquanto
288 1227 359 1271 vero
383 1212 475 1288 magis
500 1210 663 1271 obiiciendo
691 1209 821 1288 aliquos,
849 1210 874 1268 si
900 1209 1015 1270 diversa
1036 1210 1115 1270 iece-

115 1297 187 1370 rint,
210 1303 315 1355 metus.
351 1293 482 1372 Namque
498 1303 615 1373 praeter
635 1293 681 1370 id,
704 1291 782 1372 quod
798 1293 842 1354 bis
864 1292 1003 1353 levissimi
1022 1294 1159 1354 cuius-lb

117 1396 174 1456 que
196 1380 307 1438 animus
332 1377 469 1438 lacillime
491 1387 633 1454 terretur,
662 1378 763 1438 nescio
784 1394 821 1437 an
842 1377 927 1437 etiam
948 1376 1117 1437 naturaliter

117 1460 194 1538 apud
214 1461 353 1539 plurimos
371 1460 437 1539 plus
453 1459 551 1520 valeat
565 1461 705 1521 malornm
721 1462 806 1520 timor
828 1479 913 1540 qnam
934 1478 1004 1540 spes
1025 1460 1116 1520 bono·

116 1562 195 1620 rum,
218 1545 294 1604 sicut
309 1544 425 1604 iacilior
446 1542 555 1604 eisdem
572 1545 696 1620 turpium
717 1562 802 1622 qnam
823 1545 1011 1605 bonestorum
1032 1545 1156 1606 intel-41

117 1627 212 1688 lectus
234 1637 289 1687 est.
332 1625 498 1706 Aliquando
521 1625 605 1688 bonis
628 1645 744 1706 quoque
766 1629 922 1690 suadentur
942 1645 1043 1707 parum
1066 1629 1115 1688 de·

118 1727 204 1786 cora,
233 1710 335 1772 dantur
358 1728 458 1788 pamm
480 1710 565 1771 bonis
586 1711 723 1788 consilia,
746 1713 775 1772 in
798 1711 900 1789 quibus
921 1714 1050 1792 ipsorum
1067 1712 1116 1789 qui

118 1794 272 1867 consulunt
301 1802 451 1873 spectatur
480 1795 598 1856 utilitas.
645 1793 708 1854 Nec
731 1813 777 1856 me
800 1795 892 1871 fallit,
923 1813 997 1874 qnae
1021 1795 1116 1855 statim

119 1878 258 1955 cogitatio
283 1878 380 1939 subire
402 1880 496 1956 possit
517 1879 678 1955 legentem:
708 1877 772 1937 Hoc
794 1894 866 1954 ergo
889 1875 1055 1957 praecipis?
1086 1887 1115 1937 et

118 1961 176 2022 boc
198 1961 242 2022 ias
267 1958 372 2040 putas?
400 1961 518 2024 Poterat
537 1979 583 2021 me
605 1961 731 2021 liberare
748 1958 870 2037 Cicero,
894 1963 941 2041 qui
957 1963 996 2022 ita
1017 1960 1159 2026 scribitis

117 2043 154 2106 ad
167 2043 301 2121 Brutum,
320 2047 496 2124 praepositis
512 2045 658 2125 plurimis,
682 2062 756 2123 quae
771 2044 896 2106 honeste
910 2045 1026 2107 suaderi
1042 2043 1115 2107 Gae-

118 2130 177 2190 sari
204 2129 333 2207 possint:
366 2127 471 2198 Sinone
492 2130 589 2192 bouus
607 2130 673 2206 cir,
699 2131 728 2190 si
748 2130 827 2192 baec
846 2131 1020 2193 suadeam?
1056 2127 1115 2190 lli-

117 2213 207 2274 oime.
246 2211 394 2275 Suasoris
414 2214 493 2276 euim
512 2214 584 2292 lituis
604 2223 649 2276 est
673 2215 788 2276 utilitas
810 2215 893 2290 eius,
917 2215 969 2276 cui
989 2216 1117 2293 petisque
1169 2267 1172 2273 .

117 2296 238 2358 suadet.
270 2292 310 2356 At
330 2305 418 2359 reeta
438 2305 517 2362 suut.
552 2295 628 2371 Quis
644 2299 759 2377 negati
779 2299 836 2358 sed
850 2317 909 2359 coo
929 2307 975 2360 est
995 2315 1117 2375 semper

117 2381 212 2442 rectis
228 2380 261 2440 iu
278 2379 440 2441 suadenda
460 2381 555 2445 locem
593 2381 652 2442 Sed
668 2382 735 2459 quia
750 2389 795 2440 est
810 2380 896 2441 altior
912 2381 1044 2459 quaestio
1060 2396 1116 2439 neo

118 2470 227 2523 tantum
243 2461 279 2522 ad
297 2463 444 2522 suasorias
459 2465 602 2541 pertinet,
624 2464 783 2525 destinatus
806 2472 852 2524 est
874 2463 941 2524 mibi
964 2462 1010 2523 hic
1030 2463 1135 2522 locus·

116 2544 311 2621 duodecimo,
334 2546 382 2624 qui
407 2563 531 2606 summus
547 2547 658 2607 iuturus
675 2556 735 2622 est,
759 2545 845 2606 libro.
881 2545 946 2606 Nec
961 2562 1017 2623 ego
1037 2543 1158 2623 quid-ta

120 2646 205 2707 quam
220 2628 284 2688 lieri
299 2629 421 2708 turpiter
436 2628 532 2689 velim.
570 2629 680 2690 Verum
694 2629 806 2689 interim
819 2628 894 2689 baec
908 2628 957 2688 vel
977 2628 1013 2691 ad
1029 2627 1115 2700 scho-

120 2712 210 2773 larum
228 2712 453 2773 exercitationes
471 2713 618 2793 pertinere
640 2713 809 2788 credantur,
831 2729 897 2774 nam
912 2721 941 2772 et
955 2712 1116 2792 iniquorum

119 2797 192 2858 ratio
220 2796 368 2857 noscenda
391 2804 451 2874 est,
483 2804 514 2856 ut
534 2795 636 2856 melius
657 2813 750 2873 aequa
773 2803 912 2857 tueamur.
955 2794 1071 2857 Interim
1093 2797 1159 2858 citt

121 2882 183 2960 quis
205 2879 283 2941 bono
305 2878 456 2942 inhonesta
480 2879 627 2942 suadebit:
651 2879 811 2941 meminerit
830 2897 888 2942 non
910 2875 1034 2943 suadere
1056 2889 1116 2940 tan·

121 2982 205 3043 mam
221 2964 389 3040 inhonesta,
409 2973 440 3024 ut
457 2964 571 3045 quidam
587 2963 798 3025 declamatores
813 2965 933 3027 Sextum
950 2964 1118 3044 Pompeium

122 3047 158 3107 ad
179 3049 346 3125 piraticam,
367 3057 489 3128 propter
510 3048 568 3109 boc
589 3051 697 3126 ipsum,
719 3050 795 3127 quod
816 3051 908 3128 turpis
934 3056 963 3108 et
990 3045 1117 3108 erudelis

121 3131 173 3205 sit,
189 3130 354 3208 impellunt;
372 3131 424 3193 sed
441 3131 550 3193 dandus
564 3132 622 3193 illis
636 3131 814 3193 deformibus
831 3131 915 3193 color
930 3130 1018 3209 idque
1032 3130 1118 3189 etiam

122 3213 199 3292 apud
213 3214 315 3274 malos.
344 3213 448 3292 Neque
463 3216 539 3276 enim
554 3217 705 3295 quisquam
722 3225 769 3276 est
784 3225 842 3277 tam
857 3214 962 3290 malus,
980 3222 1011 3273 ut
1025 3211 1118 3274 videri

122 3297 202 3358 velit.
237 3297 287 3356 Sic
304 3295 426 3358 Catilina
448 3299 524 3378 apud
538 3298 706 3360 Sallustium
729 3299 874 3377 loquitur,
896 3305 927 3358 ut
944 3314 1007 3356 rem
1022 3296 1160 3358 scole-to

123 3381 293 3442 ratissimam
307 3397 365 3440 non
378 3380 486 3442 malitia
501 3381 554 3441 sed
569 3382 765 3460 indignatione
778 3381 910 3441 videatur
925 3380 1043 3442 audere.
1067 3380 1118 3440 Sic

115 3463 228 3524 Atreus
250 3464 326 3545 apud
344 3463 478 3526 Variums
501 3498 543 3511 -
570 3464 639 3528 lam
656 3465 725 3543 sero
747 3465 868 3545 (inquit)
888 3464 1117 3545 infandissima,
