2608 3948
185 213 226 276 96
507 226 543 273 ιι.
556 225 634 272 aaa.
648 223 869 284 omanorum

185 383 240 442 tori
258 380 458 442 benedixisse
474 379 538 439 linis
559 388 613 438 est.
647 377 718 438 Nam
740 388 785 438 est
805 397 851 438 ars
873 395 923 454 ea,
943 387 974 438 ut
989 387 1057 456 post
1072 379 1190 456 paulum

141 466 290 530 tdclarius
306 463 503 539 ostendemus,
521 464 630 522 inacta
646 463 742 540 posita
756 479 814 522 non
829 464 856 523 in
872 461 989 522 ellectu.
1023 461 1066 522 lta
1082 461 1190 522 falsam

184 552 240 609 erit
255 548 331 609 'illud
351 563 487 628 quoque,
511 545 588 624 quod
608 546 730 622 dicitur,
753 553 839 608 arten
857 547 957 622 scire,
985 546 1110 624 quondo
1127 545 1191 606 sint

182 634 274 713 finan
288 640 471 694 consecutae
476 652 489 701 ,·
505 630 677 693 rhetoricen
690 631 820 693 moire.
847 628 919 689 Nam
931 646 964 688 se
976 631 1099 707 quisque
1112 629 1189 690 hene

185 717 285 777 dicere
299 716 445 792 iutelligit.
915 743 917 748 ·

273 797 321 860 Uti
336 802 422 860 etiam
436 798 519 861 citiie
532 798 720 874 rhetoricen,
741 797 819 878 quod
840 815 887 858 ars
905 796 984 857 nulla
1008 796 1112 873 iaciat,
1132 798 1188 857 cri·

142 885 341 959 minantur,
363 885 429 962 quia
451 891 480 943 et
494 881 599 942 laisum
616 882 693 942 dicat
713 890 742 942 et
761 882 883 942 allectus
898 887 1023 942 moveat.
1059 879 1190 953 Quorum

184 976 316 1027 neutrum
336 975 382 1026 est
397 977 499 1046 turpe,
524 984 587 1027 cum
602 984 639 1025 ex
654 966 730 1026 hona
745 968 857 1026 ratione
872 965 1082 1045 proficiscitur,
1106 966 1187 1025 ideo-

185 1069 242 1130 que
262 1059 394 1110 neutrum
412 1052 520 1111 vitium.
560 1048 632 1109 Nam
657 1060 687 1110 et
707 1050 886 1111 mendesium
908 1049 1008 1110 dicere
1035 1049 1122 1110 etiam
1142 1065 1187 1108 sa·

184 1136 274 1215 pienti
299 1135 453 1214 aliqnando
480 1151 652 1194 eoncessum
677 1144 739 1212 est,
769 1144 798 1195 et
822 1134 960 1211 allectus,
987 1134 1012 1194 si
1040 1131 1124 1194 aliter
1150 1132 1188 1194 ad

185 1220 359 1299 aequitatem
381 1216 502 1298 perduci
523 1219 610 1278 iudex
635 1236 693 1278 non
713 1221 840 1298 poterit,
868 1219 1037 1279 necessario
1059 1216 1188 1278 movebit

142 1311 293 1367 aeoramr.
337 1303 467 1382 Imperiti
494 1305 568 1362 enim
594 1302 720 1363 iudicant
754 1311 784 1362 et
808 1304 857 1381 qui
881 1302 1052 1381 frequenter
1075 1303 1104 1361 in
1130 1300 1188 1362 hoc

184 1391 278 1467 ipsum
298 1386 419 1448 fallendi
441 1387 512 1462 sint,
531 1404 571 1445 ne
595 1395 701 1446 errent.
732 1385 820 1462 Nam,
845 1388 870 1446 si
889 1386 956 1446 mihi
981 1387 1130 1465 sapientes
1144 1388 1187 1445 iu·

185 1472 267 1532 dices
289 1470 408 1546 dentur,
433 1469 604 1548 sapientium
628 1473 779 1531 contiones
802 1479 889 1548 atque
912 1488 996 1530 omne
1019 1469 1186 1538 consiliom;

184 1554 255 1615 nihil
271 1554 377 1614 invidia
391 1553 506 1629 valeat,
528 1554 597 1614 nihil
612 1556 716 1632 gratia,
734 1554 804 1615 nihil
820 1555 918 1633 opinio
933 1562 1119 1633 praesumpte
1135 1553 1187 1613 lal-

185 1641 269 1718 sique
284 1647 392 1699 testes:
408 1655 547 1718 perquem
561 1640 598 1697 sit
614 1641 736 1716 exiguus
751 1639 936 1717 eloquentiae
950 1639 1034 1699 locus
1049 1647 1078 1698 et
1092 1654 1187 1717 prope

143 1725 212 1788 ltin
226 1722 290 1784 sola
305 1723 501 1783 delectatione
522 1731 654 1800 ponatur.
687 1722 737 1782 Sin
752 1732 780 1783 et
799 1721 974 1782 audientium
987 1721 1112 1783 mobiles
1128 1723 1187 1782 ani·

185 1809 222 1866 mi
238 1817 267 1868 et
281 1815 324 1867 tot
337 1808 421 1868 malis
436 1806 699 1867 ohnoxia'veritas:
722 1815 785 1867 arte
802 1806 985 1885 pugnandum
1000 1815 1046 1866 est
1063 1814 1092 1865 et
1107 1805 1186 1866 adhi-

185 1891 279 1952 henda
304 1909 378 1970 quae
400 1901 546 1970 prosunt·
569 1889 673 1970 Neque
697 1894 787 1967 enim,
809 1893 857 1969 qui
876 1901 959 1951 recta
979 1891 1025 1950 via
1046 1884 1186 1968 depulsus

185 1985 246 2052 est,
268 1975 368 2036 reduci
383 1977 418 2036 ad
433 1993 495 2036 eam
509 1977 563 2035 nisi
579 1975 635 2035 alio
652 1975 729 2035 flexu
745 1983 854 2054 potest.

145 2068 179 2125 do
270 2059 393 2121 Plurima
415 2077 486 2120 vero
513 2077 550 2120 ex
573 2075 609 2118 eo
636 2068 737 2119 contra
763 2059 930 2118 rhetoricen
956 2056 1102 2118 cavillatio
1127 2065 1185 2134 est,

186 2143 264 2220 quod
286 2161 324 2204 ex
344 2152 466 2223 utraque
485 2159 590 2204 causae
606 2152 689 2221 purte
710 2142 830 2202 dicatur.
864 2140 935 2202 lnde
957 2140 1047 2202 haec:
1070 2141 1186 2202 nulum

186 2245 252 2288 erre
273 2235 371 2288 artem
396 2229 586 2290 contrariom
610 2227 685 2304 eidi,
711 2227 883 2289 rhetoricen
908 2244 976 2288 esre
997 2226 1186 2288 contrariom

184 2310 258 2378 obi,-
277 2311 395 2374 nullcm
409 2318 507 2374 artem
521 2313 698 2385 destruere,
714 2312 797 2388 quod
811 2310 954 2393 effecerit,
970 2310 1117 2372 occidere
1129 2309 1185 2370 hoc

185 2394 354 2458 rhetorices
374 2397 481 2475 opem
505 2396 576 2458 item
596 2402 650 2456 out
673 2394 808 2456 dicendo
830 2413 898 2456 ecm
920 2395 1033 2456 docere
1052 2400 1107 2454 aut
1126 2411 1185 2454 nors

187 2478 337 2556 dicendo,
355 2480 460 2558 itaque
474 2480 524 2540 oet
535 2497 595 2558 per
609 2478 665 2541 hoc
681 2485 949 2554 amorreorum,
966 2479 1049 2556 quod
1062 2495 1123 2539 nort
1137 2476 1186 2538 di-

186 2564 287 2626 cendo
301 2565 494 2644 praecipiat,
512 2563 562 2624 cet
570 2581 632 2643 per
647 2563 723 2639 hoc,
742 2564 839 2641 quod,
859 2582 928 2626 cum
944 2563 1080 2625 dicendo
1092 2578 1186 2640 prce·

143 2655 176 2708 31
186 2649 317 2727 ceperit,
338 2649 429 2709 etiam
446 2649 608 2709 contrario
628 2648 677 2710 hie
694 2648 813 2710 doceat.
848 2646 930 2720 Quae
950 2647 1044 2706 omnia
1064 2652 1186 2725 apparet

188 2730 224 2790 de
241 2749 275 2790 ea
296 2730 443 2790 rhetorice
458 2731 531 2808 dici,
549 2748 623 2810 quae
639 2734 676 2792 sit
691 2748 707 2793 a
724 2731 801 2792 hono
817 2733 881 2791 riro
897 2739 984 2810 atque
999 2728 1035 2790 ab
1051 2732 1115 2809 ipsa
1129 2729 1186 2788 vir-

187 2821 248 2872 tute
263 2816 408 2882 seiuncta;
426 2813 535 2894 alioqui
549 2815 597 2877 uhi
610 2818 713 2877 iniusta
729 2834 816 2876 causa
831 2823 891 2892 est,
912 2812 953 2874 ihi
968 2811 1115 2876 rhetorice
1128 2828 1186 2871 non

188 2905 249 2974 est,
273 2898 347 2958 adeo
362 2905 392 2956 ut
411 2899 459 2959 vix
473 2900 633 2961 admirabili
651 2895 775 2980 quodam
793 2917 861 2960 casu
876 2900 972 2978 possit
984 2899 1135 2971 accidere,
1155 2902 1187 2954 ut

143 2988 225 3042 taen
247 2990 369 3060 utraque
390 2990 473 3061 parte
494 2994 610 3061 orator,
636 2984 664 3044 id
688 2993 732 3044 est
751 2985 796 3042 vir
817 2983 928 3061 bonus,
951 2982 1037 3044 dicat.
1077 2979 1186 3040 Tamen

22 3065 23 3068 ’
188 3067 322 3146 quoniam
337 3067 394 3128 hoc
408 3084 525 3148 quoque
541 3071 569 3130 in
583 3087 678 3129 rerum
693 3076 822 3128 naturam
836 3067 923 3146 cadit,
938 3075 968 3126 ut
983 3065 1055 3126 duos
1071 3063 1185 3142 sapien·

187 3161 232 3211 tes
255 3150 409 3231 aliquando
437 3154 529 3213 iustae
553 3169 657 3212 causae
682 3153 711 3210 in
734 3151 879 3213 diversum
899 3149 1028 3226 trahant,
1053 3147 1184 3227 (pando

188 3237 273 3296 etiam
288 3245 465 3315 pugnaturos
481 3253 533 3296 eos
548 3237 623 3295 inter
639 3253 688 3309 se,
711 3237 735 3295 si
751 3237 824 3298 ratio
840 3237 879 3297 ita
893 3235 1025 3310 duxerit,
1048 3231 1184 3311 credunt)

187 3320 374 3399 respondebo
390 3322 566 3400 propositis,
583 3327 669 3397 atque
683 3320 722 3380 ita
737 3320 869 3399 quidem,
890 3329 920 3380 ut
936 3325 1090 3397 appareat,
1111 3316 1185 3376 hoec

188 3405 328 3466 adversos
350 3422 402 3466 eos
423 3420 540 3482 quoque
560 3402 665 3463 frustra
686 3405 936 3483 excogitata‚·qui
955 3402 1037 3462 malis
1056 3399 1186 3460 moribus

228 3507 291 3550 nen
307 3488 431 3552 oratoris
447 3485 623 3564 indulgeant.
658 3485 730 3548 Nam
745 3487 892 3549 rhetorice
906 3502 963 3548 non
979 3494 1024 3547 est
1041 3484 1188 3546 contraria
