2608 3948
368 216 457 265 rusa.
481 215 797 281 conuenerant,
826 211 891 265 ta.
1070 203 1127 266 135

128 370 347 434 Lacedaemone
363 370 456 432 studia
474 372 632 433 litterarum
647 385 732 448 quam
750 369 872 431 Athenis
889 370 1017 434 honores
1035 389 1127 432 mere·

129 455 250 531 buntur,
280 454 346 534 plus
368 455 507 533 patientia
529 473 565 517 ao
577 453 727 515 lentitudo.
771 453 868 532 Rapto
889 456 997 516 vivere·
1012 455 1127 534 quibus·

128 537 380 612 dambonestum,
403 538 467 600 aliis
490 557 559 600 cura
580 539 688 614 legum.
730 535 893 615 Frugalitas
916 540 992 619 apud
1012 539 1128 614 Sybari-

128 633 173 684 tas
195 621 318 683 forsitan
340 621 406 682 odio
424 622 517 697 ieret,
540 620 688 682 veteribus
705 619 842 682 Romanis
860 639 997 682 summum
1017 622 1128 684 luxuria

129 708 249 768 crimen.
283 705 393 766 Eadem
407 705 436 765 in
453 705 574 783 singulis
591 704 762 766 differentia.
796 703 920 766 Maxirue
936 706 1015 768 lavet
1031 706 1170 782 iudendo

128 790 179 868 qui
199 788 254 848 sibi
271 787 415 849 dicentem
432 789 566 850 assentiri
583 797 674 867 putat.
709 788 789 849 Idem
807 791 950 870 praecipit
967 790 1039 851 illud
1056 807 1128 869 quo-

129 890 206 952 que,
230 871 325 950 (quod
348 889 416 932 mox
431 869 584 934 Cornelius
602 870 708 934 celsus
731 890 825 954 prope
840 892 928 953 supra
951 873 1065 935 modum
1087 875 1128 934 in-

129 957 220 1035 rasit)
246 955 312 1034 quia
334 957 370 1016 sit
392 958 533 1036 quaedam
554 955 707 1018 virtutibus
729 974 764 1018 no
782 958 859 1018 vitiis
876 958 1024 1034 vicinitas,
1046 968 1128 1019 uten-

46 1075 51 1080 -
129 1040 195 1100 dum
206 1041 337 1119 proxima
350 1041 528 1102 derivatione
540 1041 706 1117 verborum,
724 1050 755 1101 nt
773 1057 826 1122 pro
844 1043 997 1103 temerario
1011 1042 1127 1119 fortem,

129 1140 183 1204 pro
202 1125 325 1203 prodigo
349 1124 518 1201 liberalem,
545 1141 599 1204 pro
622 1140 711 1186 avaro
733 1142 853 1202 parcum
874 1142 1027 1195 recemum
1053 1145 1128 1206 quae

127 1206 231 1268 eadem
247 1208 333 1270 etiam
356 1217 457 1270 conba
473 1209 581 1270 valent.
617 1207 703 1282 Quod
720 1207 835 1286 quidem
853 1217 963 1283 orator,
980 1208 1008 1270 id
1026 1219 1072 1270 est
1085 1212 1129 1270 uir

128 1290 238 1368 bonus,
257 1309 401 1370 nunquam
418 1293 518 1369 iaciat,
536 1293 592 1352 nisi
607 1291 685 1354 forte
698 1293 841 1352 communi
857 1292 982 1354 utilitate
996 1293 1126 1354 ducetur.

212 1374 374 1438 Laudentur
390 1383 485 1436 autem
502 1377 613 1438 urbes
630 1375 763 1436 similiter
782 1383 868 1456 atque
884 1377 1026 1438 homines.
1057 1375 1130 1438 Nam
1137 1385 1171 1440 26

128 1475 183 1536 pro
206 1467 328 1536 parente
351 1467 396 1518 eet
419 1459 561 1538 conditor,
586 1469 615 1520 et
636 1460 754 1532 multum
774 1461 953 1524 auctoritatis
975 1461 1059 1522 allert
1078 1478 1128 1521 ve·

128 1549 231 1618 tuetas,
254 1550 286 1602 ut
305 1541 361 1619 his,
386 1543 433 1621 qui
458 1552 536 1604 terra
558 1545 691 1606 dicuntur
714 1545 784 1615 orti;
808 1554 838 1606 et
861 1546 983 1606 virtutes
1005 1562 1039 1610 ac
1060 1546 1129 1606 vitia

128 1626 208 1686 circa
224 1643 274 1686 res
291 1634 392 1704 gestas
409 1628 510 1688 eadem
528 1646 603 1707 quae
624 1629 653 1690 in
676 1628 813 1706 singulis,
835 1630 885 1692 illa
903 1630 1032 1709 propria,
1054 1646 1128 1707 quae

128 1727 167 1770 ex
188 1708 247 1770 loci
269 1710 414 1791 positione
436 1729 470 1772 ac
488 1713 643 1774 munitione
660 1721 735 1774 eunt.
769 1709 856 1776 Ciues
874 1713 932 1775 illis
956 1722 987 1773 nt
1008 1713 1128 1772 homini·

128 1793 181 1853 bus
205 1793 290 1854 liberi
313 1795 423 1855 decori.
1010 1823 1014 1831 ·

213 1875 267 1938 Est
285 1878 348 1940 laus
369 1887 399 1938 et
421 1895 592 1957 operum,
616 1879 645 1939 iu
664 1880 767 1958 quibus
785 1879 894 1953 honor,
916 1878 1042 1956 utilitas,
1064 1878 1170 1957 pul-27

129 1959 278 2038 cbritndo‚
303 1969 405 2024 auctor
426 1963 555 2042 spectari
578 1962 665 2025 solet.
698 1963 798 2024 llonor
818 1971 849 2024 nt
869 1962 898 2022 in
919 1961 1052 2041 templis,
1075 1963 1128 2021 uti·

128 2043 195 2104 litas
216 2053 246 2105 ut
269 2047 298 2106 in
315 2047 414 2122 muris,
439 2045 623 2126 pulchritudo
642 2047 690 2108 vel
711 2053 813 2108 auctor
830 2047 995 2127 utrobique.
1031 2044 1085 2108 Est
1099 2054 1130 2106 et
1230 2100 1232 2104 .

129 2129 313 2206 locorum,
340 2131 434 2209 qualis
455 2131 574 2192 Siciliae
597 2131 673 2210 apud
696 2127 886 2208 Ciceronem,
911 2128 1065 2209 inquibus
1090 2133 1128 2191 si-

127 2213 233 2276 militer
252 2215 381 2294 speciem
405 2222 435 2275 et
460 2216 612 2278 utilitatem
637 2215 792 2286 intuemur;
813 2216 945 2296 speeiem
968 2215 1127 2291 maritimis,

128 2297 239 2375 planis,
263 2299 405 2366 amoenis;
434 2298 586 2360 utilitatem
608 2298 790 2375 salubribus,
813 2299 967 2362 fertilibus.
1014 2297 1077 2358 ldrit
1099 2307 1129 2357 et

127 2381 269 2440 dictorum
288 2381 476 2443 honestorum
493 2382 693 2460 laetorumque
710 2383 772 2443 laus
786 2382 945 2460 generalis,
966 2383 1021 2442 erit
1038 2390 1067 2442 et
1082 2399 1127 2442 re-

127 2480 190 2524 rum
212 2463 304 2522 omnis
326 2464 413 2524 modi.
450 2464 524 2525 Nam
546 2474 575 2526 et
595 2467 688 2526 somni
710 2475 739 2526 et
757 2468 857 2527 mortis
882 2467 1010 2544 scriptae
1026 2465 1171 2526 laudeshd

129 2554 165 2604 et
181 2544 359 2623 quorundam
380 2565 396 2608 a
411 2548 531 2620 medicis
554 2548 693 2609 ciborum.

211 2627 330 2710 ltaque,
360 2640 391 2692 ut
419 2647 477 2692 non
498 2633 638 2692 ,consensi
659 2633 717 2694 hoo
739 2632 913 2694 laudativum
933 2649 1026 2709 genus
1050 2631 1128 2691 circa

127 2711 221 2774 solam
243 2715 356 2775 versari
377 2714 492 2777 honesti
521 2716 740 2794 quaestionem,
771 2717 814 2776 sic
840 2715 979 2794 qualitate
1006 2715 1128 2779 maxime

128 2799 270 2860 contineri
292 2806 379 2878 puto;
403 2816 563 2879 quanquam
582 2808 642 2860 tres
659 2808 750 2861 status
771 2815 871 2861 omues
890 2799 997 2862 cadere
1019 2800 1048 2860 in
1070 2800 1128 2865 hoc

127 2897 201 2960 opus
223 2884 348 2962 possint,
373 2883 476 2962 bisque
497 2901 579 2946 usum
599 2880 632 2945 G.
649 2881 806 2946 Gaesarem
820 2884 849 2944 in
865 2884 1056 2963 vituperando
1073 2882 1127 2946 Ca·

127 2972 195 3026 tone
218 2968 361 3028 notaverit
378 2965 493 3028 Cicero.
539 2966 642 3028 'lotum
669 2976 765 3029 antem
791 2967 879 3029 babet
904 2967 1013 3046 aliquid
1033 2968 1128 3031 siroile

127 3051 284 3192 :plapppiia
313 3052 378 3130 quia
402 3052 573 3132 plerumque
597 3050 700 3115 eadem
725 3051 785 3114 illic
806 3052 922 3118 suaderi
948 3051 996 3111 hic
1018 3050 1128 3112 laudari

352 3287 395 3336 bu
413 3285 575 3339 suasorem
592 3289 634 3338 ET
649 3286 905 3342 Pttosororonrn.

210 3365 288 3428 vill.
314 3365 591 3432 Deliberativas
610 3387 726 3450 qnoque
745 3371 834 3430 miror
852 3369 1048 3448 aquibusdatu
1063 3369 1127 3433 sola

125 3447 249 3512 nttlttne
273 3451 393 3551 linitae
427 3451 472 3512 Ac
500 3454 524 3514 si
548 3453 615 3532 quid
636 3456 664 3514 in
684 3455 728 3514 his
750 3471 835 3516 nuum
858 3453 941 3532 sequi
963 3464 1125 3535 oporteret,
1214 3541 1217 3549 Ι
