2592 3940
392 199 828 267 nusr.ooaron.nro.v1,1.
1052 188 1116 252 att

110 355 239 438 plicabili
253 357 332 416 serie
347 363 538 430 connectunt,
555 353 754 416 atindubitata
776 355 918 434 colligant
940 366 970 418 ct
990 358 1114 437 probant

111 441 248 502 confessa
263 447 294 500 et
307 457 340 499 se
354 439 478 517 antiquis
493 455 548 518 per
561 437 620 500 iroc
635 438 744 500 similes
762 449 884 516 vocant,
905 440 1010 502 deinde
1025 443 1113 503 inter·

110 525 206 603 rogati
239 540 382 603 nunqnam
406 521 640 602 respondebunt,
667 539 753 602 quen
786 525 940 584 innitantur.
990 525 1051 606 Sui
1076 524 1114 586 tie

111 608 211 686 figaris
227 607 285 667 alio
301 607 379 668 iocor

195 690 278 751 Nune
296 690 367 751 illud
387 688 593 765 adiiciendum,
615 706 652 748 ne
673 689 709 749 iis
731 688 846 768 quidem
867 693 1033 753 consentire
1054 701 1157 770 mett

111 778 161 856 qui
175 792 293 854 semper
309 781 479 851 argumenta
494 788 631 832 sermone
646 789 719 851 puro
738 781 767 832 et
787 773 915 836 dilucido
933 783 964 836 et
977 775 1113 838 distincto

110 867 241 920 ceterum
251 858 365 918 minime
377 857 436 918 lato
453 865 614 936 ornatoque
625 864 725 936 putant
736 873 804 918 estc
816 857 947 920 dicentia.
982 859 1114 941 quue

110 961 147 1004 ea
168 943 302 1004 distincta
326 941 442 1020 quidem
463 957 498 1002 ac
515 941 672 1020 perspicua
692 940 802 1002 debaro
823 959 891 1003 osse
909 943 1069 1020 confiteor,
1085 946 1115 1004 in

109 1026 198 1086 rebus
209 1042 281 1086 raro
298 1023 455 1086 minoribus
472 1025 559 1085 ctiam
574 1041 711 1086 sermone
725 1042 761 1084 ac
775 1025 874 1086 verbis
892 1045 977 1106 quarn
991 1029 1114 1090 ianime

109 1110 237 1189 propriis
253 1117 284 1170 ct
299 1127 338 1170 ex
352 1127 420 1178 usu;
437 1117 466 1168 at
482 1109 613 1168 sirnaior
628 1109 684 1167 crit
697 1110 828 1184 materia,
846 1109 955 1170 nullum
969 1111 1015 1170 his
1033 1120 1157 1174 orna-34

110 1203 185 1269 mun,
202 1194 250 1273 qui
264 1193 352 1253 nodo
367 1210 427 1252 non
445 1191 602 1266 obscuret,
626 1189 850 1252 subnotandum
870 1202 951 1270 puto.
996 1192 1069 1255 Nam
1086 1202 1117 1254 ct

110 1273 1016 1438 tttttt'ttuitttttzttzttttttipttttttt
1031 1279 1117 1421 {tu

111 1451 167 1518 est,
183 1404 256 1504 tito}
270 1459 339 1502 esse
356 1440 479 1503 audeant
499 1440 616 1517 dicere,
641 1458 697 1520 qua
719 1441 823 1504 fluctus
848 1443 955 1506 eludit.
990 1443 1156 1523 Quoquott

110 1527 245 1606 quidest
271 1534 371 1586 natura
397 1527 489 1602 tnagis
511 1542 662 1604 asperum,
690 1525 748 1586 hoc
769 1526 900 1605 pluribus
924 1527 1115 1589 condiendum

111 1609 384 1688 est-roiuptatibus;
406 1618 436 1670 et
454 1610 545 1670 ninus
563 1617 701 1688 suspecta
719 1612 928 1688 argumentatio
952 1612 1115 1673 dissimula·

110 1696 205 1772 tione,
232 1702 263 1755 et
277 1695 394 1756 multum
409 1693 446 1754 ad
463 1692 549 1754 iiten
568 1693 683 1754 adiuvat
703 1693 844 1754 audientis
861 1693 1008 1774 voluptas.
1052 1693 1114 1754 Nisi

109 1779 188 1839 forte
204 1780 398 1839 existimanus
415 1774 588 1840 Ciceronem
603 1777 678 1837 haec
692 1777 755 1856 ipsa
774 1778 849 1838 mnia
864 1779 1113 1856 argumentatione

110 1863 237 1938 dixisse,
252 1863 345 1929 silere
360 1863 443 1941 tepea
455 1863 537 1924 teter
551 1879 657 1938 arma,
680 1869 709 1921 et
725 1861 867 1939 plocium
883 1863 971 1924 cobis
993 1863 1114 1924 interim

110 1945 151 2008 ab
165 1947 242 2024 ipsis
252 1947 374 2026 pom'pi
391 1945 517 2025 icpibur.
560 1943 614 2005 Hic
635 1953 729 2004 tamen
748 1944 897 2006 habendus
918 1946 981 2007 istis
999 1945 1113 2022 modus,

110 2037 142 2089 ut
159 2031 216 2089 sint
232 2038 400 2092 ornamento
418 2045 476 2090 non
490 2028 704 2108 inpedimento.

491 2349 651 2414 LIBER
680 2350 739 2415 v1.

109 2477 188 2530 Libro
215 2485 287 2531 sexto
314 2478 379 2530 hoec
401 2479 570 2532 continentur:
594 2479 768 2540 Prooemium,
793 2478 820 2526 in
842 2491 892 2542 quo
915 2479 1063 2541 conquestio
1081 2479 1115 2530 de

145 2545 248 2596 manna
273 2559 328 2599 sua.
370 2545 408 2598 De
434 2551 603 2613 peroratione.
649 2547 689 2598 Dc
722 2545 864 2595 effectibus.
909 2543 948 2596 Da
972 2547 1033 2598 risio.
1076 2547 1115 2598 lte

145 2613 317 2668 alwreatione.
354 2615 395 2666 Da
409 2617 505 2668 iudicio
523 2625 547 2668 ct
565 2615 682 2670 consilio.
760 2615 763 2618 ’

516 2752 715 2806 PROOEMIUM.

212 2817 317 2927 Haeo,
334 2847 519 2910 Marcelle
535 2848 700 2924 Victori,
717 2866 756 2908 ex
770 2855 818 2907 tua
830 2847 1114 2914 voluntatemaxime

112 2935 279 3012 ingressus,
299 2943 360 2994 tum
375 2934 401 2993 ai
417 2949 474 3013 qua
489 2950 527 2993 er
542 2932 625 2994 nobis
647 2931 683 2994 ad
705 2932 825 2995 iuvenes
842 2930 936 2993 bonos
957 2933 1115 3010 peruenire

112 3027 216 3097 posset
236 3018 360 3093 utilitas,
383 3017 541 3078 nouissime
563 3033 657 3096 paene
683 3017 768 3077 etiam
789 3016 976 3077 necessitate
993 3015 1116 3093 quadarn

7 3111 8 3128 ¹
113 3100 204 3162 oiflcii
219 3099 348 3179 delegati
362 3100 430 3162 mihi
442 3099 546 3163 sedulo
558 3099 740 3169 laborabam
752 3101 918 3179 respiciens
929 3104 1025 3158 tamen
1037 3097 1115 3158 iiiam

8 3191 9 3262 j
114 3201 212 3244 curam
226 3201 310 3244 meae
324 3182 498 3262 uoluptatis,
522 3185 600 3264 quod
622 3184 699 3261 iilic,
722 3184 804 3244 cuius
825 3184 953 3244 eminens
970 3181 1115 3258 ingenium

112 3266 269 3328 sollicitans
284 3283 402 3346 quoquc
416 3269 545 3346 parentia
560 3265 934 3346 diligentiam-merebatur,
949 3264 1024 3326 hanc
1040 3265 1114 3344 opti·

111 3363 187 3414 mam
202 3359 315 3430 partem
329 3350 484 3411 relicturus
500 3350 669 3412 hereditatis
685 3349 822 3427 videbar,
841 3358 886 3426 nt,
903 3351 928 3410 ai
949 3367 1013 3425 me,
1036 3347 1115 3428 quot

112 3451 237 3516 aequum
253 3443 283 3497 et
298 3433 428 3515 optabile
444 3432 515 3510 fuit,
532 3433 590 3495 iata
605 3434 845 3513 intercepissent,
861 3441 1058 3525 praeceptore
1073 3439 1114 3494 ta·
