2608 3948
117 197 120 216 ·
194 173 254 239 178
509 186 638 236 ΗΑΒ.
651 187 873 248 oumummm

96 344 100 356 “
189 342 302 406 morito
323 343 412 420 dicit,
435 341 626 423 appellatum
645 360 680 402 se
702 342 742 404 ds
762 350 870 421 stupro
891 361 913 404 o
930 343 1077 423 priuipuo
1095 351 1125 406 et
1142 345 1201 410 stur

192 427 386 490 mutorum
406 435 524 506 tempus
545 431 576 486 et
595 425 715 497 locum
735 426 845 488 eodem
862 436 973 491 contro
989 427 1074 506 filius
1094 428 1201 494 detulit

191 511 232 574 de
251 529 405 588 marco,
427 511 508 578 edito
524 515 642 571 tostum
656 510 719 572 atto
733 517 868 588 tempore
884 526 925 574 oc
946 512 1031 584 locor
1053 519 1147 591 paler
1168 513 1201 574 irs

191 613 245 673 ao,
273 611 363 674 puero
383 612 466 659 uxor
484 593 711 671 praediceret,
738 592 835 670 filium
855 595 987 672 invertit,
1015 601 1078 657 mm
1098 596 1131 656 is
1150 614 1200 673 eo,

191 694 280 756 quem
298 677 390 756 tibur,
411 694 562 747 umorenrr
576 677 661 738 diam
676 678 865 755 repudiavit,
889 686 1084 756 pentecoste
1103 677 1200 756 filium

190 763 326 828 abdicat.
356 759 434 822 Nihil
449 759 506 822 dici
521 768 621 838 potest
635 777 689 839 pro
704 762 820 838 iuvene,
837 761 916 840 quod
930 779 988 821 non
998 761 1075 824 idem
1090 763 1129 821 sit
1143 780 1200 842 pro

151 851 330 908 bbnouerca.
365 843 513 906 Ponentur
532 852 627 904 tamen
648 846 733 906 etiam
753 847 926 914 communiu;
950 845 1055 908 deinde
1074 863 1112 906 ex
1130 863 1198 924 per-

191 945 326 990 sonarum
348 928 564 1006 comparatione
586 937 616 990 et
634 927 733 1004 iudicii
752 927 854 990 brdine
875 937 905 988 et
928 929 1045 990 silentio
1061 929 1200 1008 repudia·

132 1020 237 1074 lutiae
252 1019 421 1087 argumenta
436 1011 586 1073 ducentur.
621 1011 667 1072 Ne
689 1012 761 1076 illud
783 1013 899 1091 quidem
912 1014 1050 1090 ignorare
1066 1021 1202 1091 oportet,

189 1093 330 1173 quaedam
347 1113 431 1172 esse,
454 1112 529 1173 quae
550 1095 680 1157 colorem
706 1111 764 1156 non
786 1096 928 1174 recipiant
946 1095 1128 1157 sectantum
1148 1097 1201 1158 de·

157 1181 161 1192 '
188 1177 333 1240 tendenda
353 1179 426 1256 sint,
451 1179 545 1257 qualis
563 1189 608 1240 est
623 1180 674 1240 ille
696 1180 799 1256 dicae,
828 1181 880 1258 qui
897 1187 1031 1242 statuum
1045 1184 1203 1258 puerperis

187 1263 305 1326 inimici
318 1259 451 1343 flagellis
466 1265 579 1328 cecidit
600 1272 629 1323 et
649 1281 717 1326 reus
738 1271 784 1331 est
803 1263 983 1332 iniuriarum
1006 1279 1071 1324 nam
1090 1261 1202 1328 iactum

120 1417 125 1424 ,
189 1347 253 1408 eius
275 1347 436 1408 modestum
464 1364 532 1407 esse
553 1363 638 1408 uemo
661 1345 782 1422 diruerit,
809 1346 953 1422 fortasse,
984 1347 1072 1410 nteit
1096 1355 1200 1424 tutum,

191 1428 342 1492 obtinebit.

130 1533 180 1586 101
274 1513 385 1588 Quodsi
408 1532 494 1594 pars
520 1514 711 1592 expositionis
732 1513 938 1593 pronubis,
958 1532 1043 1593 pars
1065 1523 1200 1576 contra

188 1614 260 1657 nos
277 1599 346 1660 erit:
362 1596 510 1660 miscenda
526 1599 564 1656 sit
580 1616 616 1660 an
633 1597 795 1676 separanda
810 1599 948 1674 narratio,
966 1617 1030 1660 cum
1046 1599 1111 1677 ipsa
1127 1615 1198 1660 con-

188 1683 304 1744 dicione
318 1699 425 1746 causae
444 1681 662 1744 deliberandum
683 1691 738 1744 est.
769 1680 842 1745 Nam
863 1684 888 1740 si
912 1681 996 1760 plura
1015 1691 1098 1758 sunt,
1121 1698 1199 1760 quae

188 1774 313 1826 nocent:
329 1782 403 1843 quae
421 1774 561 1844 prosunt,
577 1764 746 1828 obruuntur.
776 1764 878 1843 lingue
892 1775 960 1828 tunc
975 1765 1106 1828 dividere
1122 1769 1198 1844 opti-

187 1867 264 1912 mum
280 1849 353 1924 erit,
370 1858 401 1910 et
414 1849 476 1924 bia,
494 1867 569 1928 qnae
584 1857 695 1929 partem
710 1857 836 1912 nostrum
852 1849 1035 1926 adiuvabant,
1053 1851 1200 1928 expositis

189 1941 219 1994 et
235 1932 420 2008 confirmatis,
438 1934 579 1994 aduersus
595 1933 708 2012 reliqna
720 1935 759 1993 uti
774 1934 921 2010 remediis,
936 1933 974 1996 de
990 1933 1094 2013 quibus
1108 1951 1198 2012 supra

128 2016 293 2085 malletum
308 2026 362 2077 est.
392 2017 424 2078 st
444 2017 527 2095 plura
542 2018 716 2094 proderunt:
732 2018 816 2083 etiarn
831 2019 1010 2096 coniungere
1025 2017 1137 2092 licebit,
1153 2027 1197 2092 ut,

189 2115 264 2176 quae
287 2099 417 2173 obstant,
444 2101 473 2158 iu
488 2101 591 2160 mediis
614 2101 694 2160 velut
718 2101 833 2162 auxiliis
854 2103 962 2162 nostris
985 2103 1082 2180 posita
1103 2100 1198 2162 minus

187 2179 314 2242 habeant
332 2182 443 2240 uirium.
473 2180 564 2255 *Quae
586 2192 759 2242 tamennon
781 2194 864 2244 erunt
879 2184 953 2246 nuda
971 2183 1121 2263 ponenda,
1142 2183 1198 2244 sed

189 2272 219 2325 ut
234 2272 264 2324 et
278 2271 377 2324 nostra
392 2264 487 2343 eliqua
502 2267 750 2342 argumentatione
770 2267 930 2342 firmemus,
954 2277 984 2330 et
1006 2267 1121 2330 diversa
1145 2285 1199 2328 cur

190 2347 341 2409 credibilia
356 2365 414 2410 non
431 2349 505 2423 sint,
521 2349 703 2420 adiiciamus;
724 2351 806 2429 quia,
830 2352 885 2411 nisi
898 2351 1129 2428 distinxerimus,
1145 2368 1197 2412 ve·

189 2431 309 2494 rendum
324 2441 379 2510 est,
395 2449 433 2494 ue
447 2431 524 2494 bona
539 2442 638 2495 nostra
655 2435 805 2513 permixtis
821 2435 904 2496 malis
919 2436 1111 2513 inquinentur.

129 2528 183 2585 loo
272 2514 327 2579 llla
347 2534 465 2595 quoque
486 2516 523 2579 ‹le
545 2519 709 2580 narratione
731 2519 862 2597 praecipi
885 2518 998 2596 solent,
1025 2537 1062 2578 ne
1081 2537 1136 2597 qua
1159 2537 1198 2580 os

188 2618 224 2662 ea
238 2601 290 2661 liat
304 2603 451 2676 excursio,
468 2618 505 2659 ne
523 2609 668 2662 evertatur
682 2620 698 2661 a
715 2601 812 2662 iudice
827 2619 935 2678 sermo,
951 2620 989 2662 ne
1002 2603 1116 2664 alienae
1128 2621 1197 2682 per-

187 2701 278 2744 sonae
307 2701 411 2745 rocem
436 2683 553 2760 demus,
580 2703 618 2746 ne
644 2695 892 2763 argumentemur,
920 2685 1057 2748 adiiciunt
1082 2687 1198 2765 quidam

188 2768 288 2842 etiam,
305 2785 341 2827 ne
357 2776 468 2828 utamur
481 2767 650 2838 affectibns3
670 2786 792 2847 quorum
813 2769 956 2848 pleraque
979 2779 1044 2831 suut
1059 2771 1198 2848 frequen-

187 2850 297 2910 tissime
323 2849 528 2925 custodienda,
550 2853 607 2912 imo
629 2871 789 2932 nunqnam,
813 2854 960 2934 nisi,ratio
976 2855 1120 2932 coegerit,
1136 2873 1197 2916 mu·

128 2931 282 2998 luctantia.
314 2931 353 2994 Ut
366 2935 403 2992 sit
419 2934 565 3012 expositio
580 2939 737 3016 perspicua
749 2945 779 2996 et
792 2935 908 3012 brevis,
924 2937 994 3000 nibil
1011 2938 1125 3016 quidem
1138 2947 1197 2999 tam

187 3034 253 3079 raro
268 3018 376 3096 poterit
389 3016 500 3078 babere
513 3018 654 3080 rationem
670 3038 755 3100 quam
774 3038 868 3080 excu
878 3023 970 3092 rsio;
997 3039 1052 3084 nec
1073 3039 1198 3100 unquam

188 3100 306 3162 debebit
326 3119 394 3162 esse
418 3103 473 3162 uisi
491 3101 590 3164 brevis
607 3113 637 3166 et
648 3105 732 3178 talis,
756 3113 787 3164 ut
809 3105 839 3164 ui
856 3106 977 3183 quadam
991 3106 1140 3167 videamur
1154 3106 1197 3167 ai·

185 3185 281 3247 iectus
297 3187 378 3247 velut
392 3195 475 3248 recto
495 3188 599 3250 itinere
615 3187 749 3267 depulsi,
766 3186 860 3267 qualis
881 3198 926 3250 est
943 3188 1096 3251 ciceronis
1118 3191 1198 3251 circa

125 3271 298 3349 noanopuas
325 3270 442 3334 Sasiae:
474 3267 655 3334 omousius
679 3271 785 3336 coelur
811 3273 993 3338 incredibile
1020 3282 1049 3336 at
1066 3281 1200 3354 praeter

185 3354 269 3416 burto
288 3373 381 3418 usam
409 3355 443 3415 io
466 3356 548 3416 omui
568 3356 633 3420 cita
653 3355 846 3420 inauditum!
884 3354 910 3419 0
930 3358 1086 3422 libidinem
1105 3357 1198 3441 affre·

184 3444 292 3500 nutum
319 3445 347 3500 st
368 3437 564 3501 indoruitoml
608 3435 635 3501 0
664 3439 834 3506 sodomam
860 3442 1067 3522 uapularem!
1097 3461 1201 3514 nouae
