2592 3940
378 204 467 254 mss.
490 203 640 254 onnuon„
663 205 732 252 ms.
745 205 778 270 u,
794 203 841 255 11.
1051 194 1112 259 223

110 359 223 422 adiutus
243 359 329 418 armis
354 357 532 433 tyrannidem
552 365 694 436 ooeupet‚
727 357 914 421 hoereierat
936 361 1112 440 exemplum,

111 443 212 506 eadam
228 443 339 504 rationo
354 441 533 502 Pisistratum
548 440 583 502 ad
597 441 819 502 dominationem
833 445 1016 521 pervenisse.

191 524 253 585 Sed
273 534 305 584 ut
323 532 389 584 sont
410 525 544 602 exempla
567 525 679 584 interim
699 533 759 584 tota
774 526 877 586 similia
893 534 923 585 ut
938 525 996 586 lnoe
1013 529 1136 604 proxi-9

109 627 198 670 mum:
222 609 266 669 sie
286 608 399 668 interim
419 625 458 668 ex
477 606 632 668 maioribus
650 607 687 668 ad
701 609 828 684 minora,
850 626 887 670 ex
901 608 1060 670 minoribus
1075 610 1112 670 ad

109 693 217 752 maiora
233 690 382 751 ducuntur.
431 688 529 752 Urbes
542 691 657 752 oiolulo
671 698 802 769 propter
816 694 1009 756 matrimonia
1024 711 1111 755 ener-

108 781 271 844 sae·sunt,·
297 775 374 851 qaid
386 772 457 854 desi
472 775 615 836 adsdtero
625 792 690 852 pur
709 777 775 835 est?
798 773 966 854 didicisses,
986 793 1055 838 arm
1071 777 1112 838 ab

110 857 439 936 orbedisoessissent,
460 857 585 935 publiea
605 859 744 920 reoooati
762 866 852 930 sunu·
880 867 995 939 quanto
1014 861 1113 938 mosis

108 942 268 1020 prinsipes
291 941 424 1002 eioiiotss
440 942 501 1002 oiri
516 949 547 1002 et
565 941 640 1002 dene
660 942 699 1002 de
719 943 880 1020 republica
900 943 1018 1014 meriti,
1044 961 1113 1004 eum

110 1025 247 1087 insidiae
262 1025 425 1099 cesserint,
447 1025 488 1086 ab
504 1024 596 1084 esitio
609 1025 803 1086 reducendi?
826 1023 871 1084 Ad
883 1025 1114 1086 exhortationem
1121 1037 1156 1090 10

108 1124 181 1170 uero
202 1109 359 1187 praecipue
376 1107 474 1167 ualent
494 1107 624 1184 imparia.
666 1105 851 1168 laudabilior
866 1110 894 1167 in
908 1108 1014 1169 iemina
1028 1126 1114 1187 ιῑιιιιιιι

108 1193 221 1252 inviro
243 1191 343 1251 virtus.
389 1189 503 1264 Quare,
533 1191 558 1248 si
579 1189 615 1250 ad
630 1188 745 1250 fortiter
762 1189 923 1252 iaciendum
938 1191 1115 1252 ascendatur

110 1274 230 1353 aliquis,
260 1290 318 1333 non
339 1281 446 1333 tantum
464 1271 586 1332 aderent
600 1272 738 1331 momenti
753 1272 888 1334 Horatius
904 1283 933 1333 et
948 1272 1113 1351 Torquatus

110 1367 244 1437 quamam
259 1356 308 1416 illa
323 1356 442 1430 mulier,
473 1356 553 1415 ouius
568 1372 651 1414 manu
668 1355 795 1431 Pyrrhus
812 1364 858 1417 est
871 1356 1057 1425 interiectum
1084 1365 1114 1416 et

109 1441 146 1502 ad
168 1439 346 1500 moriendum
364 1456 421 1497 non
436 1447 494 1500 tam
509 1436 582 1498 (lato
601 1447 631 1498 et
646 1438 747 1517 Seipio
763 1457 847 1517 quam
861 1439 1011 1508 Lueretia3
1035 1439 1114 1518 quod

109 1526 204 1602 ipsum
223 1530 274 1582 est
300 1539 338 1582 es
362 1520 517 1581 maioribus
544 1520 580 1581 ad
603 1522 722 1584 minora
767 1523 888 1601 Singula
908 1525 996 1602 igitur
1011 1523 1114 1584 luorum
1121 1536 1155 1590 11

108 1623 248 1685 generum
263 1595 300 1666 ex
317 1603 461 1666 Cicerone
473 1605 552 1683 (narn
567 1605 643 1666 unde
658 1603 792 1686 potiusi)
811 1606 946 1705 exempla
961 1623 1111 1684 ponamus.

109 1689 209 1750 Simile
231 1699 276 1749 est
296 1689 353 1748 hoe
374 1704 428 1767 pro
452 1686 586 1763 Murena,
615 1685 736 1751 Etenim
756 1690 861 1752 asili
847 1691 909 1769 ipsi
926 1689 1060 1766 aester,
1080 1697 1114 1750 ut

110 1793 180 1834 eum
195 1773 320 1836 duobos
324 1772 484 1850 patriciis,
505 1773 602 1834 allero
613 1773 836 1851 improbissimo
846 1773 944 1836 altero
954 1772 1114 1836 modestis·

108 1858 186 1918 simo
205 1862 298 1934 utque
317 1855 429 1934 optimo
447 1857 532 1931 niro,
552 1863 707 1935 peterem
727 1857 881 1956 superavi
893 1863 1002 1918 tamen
1011 1856 1113 1934 dippi-

110 1948 172 2002 tote
189 1935 363 2015 Catilinam,
376 1940 482 2017 proteu
491 1937 631 2000 Galbam
676 1937 767 2000 llauus
778 1939 985 2018 munoruspro
994 1937 1155 2014 lllrlone,1a

109 2019 247 2122 deponi,
268 2023 382 2084 intueri
398 2023 497 2084 lucem
519 2022 657 2101 essofus
674 2023 719 2100 ei,
739 2025 792 2101 qui
808 2042 830 2085 a
843 2042 878 2085 se
895 2023 1043 2084 honinem
1060 2041 1113 2084 oo-

110 2108 206 2168 cisum
228 2123 296 2168 esse
317 2106 466 2184 fateatur.
513 2104 553 2168 Io
573 2120 636 2183 quo
659 2107 782 2171 tandem
803 2107 881 2170 urbe
902 2107 959 2169 lsoe
979 2106 1115 2168 domines

54 2255 59 2266 ,
109 2189 275 2252 stultissimi
289 2191 470 2268 disputanti
490 2207 598 2270 serape
610 2191 643 2252 in
658 2206 713 2267 ee,
732 2206 813 2269 quae
822 2193 962 2290 primm
964 2190 1115 2252 iudicium

110 2275 151 2336 de
172 2274 271 2352 sopite
291 2274 368 2336 sidit
390 2269 432 2334 ll.
454 2271 592 2348 Horatii,
617 2274 777 2352 fortissimi
799 2277 876 2351 oiri,
907 2275 962 2353 oui
981 2275 1115 2336 nondum

109 2355 209 2419 libero
226 2356 349 2417 sinitote
370 2362 470 2418 tamen
482 2357 590 2435 populi
603 2356 735 2420 Romani
749 2359 878 2420 considis
891 2357 1043 2419 liberatus
1057 2363 1114 2430 esi,

111 2459 181 2504 eum
194 2457 253 2500 sua
268 2458 362 2500 mesu
376 2457 511 2502 sororem
527 2457 594 2501 esse
608 2440 801 2519 interfectam
813 2441 976 2519 fateretur.
1019 2437 1113 2499 llinus

110 2523 243 2585 maioris:
275 2519 401 2599 Oeeidi,
428 2540 488 2584 non
507 2519 654 2602 Spurium
676 2520 837 2600 Maelium,
864 2522 1113 2603 assumente

110 2607 217 2671 vanda
231 2607 421 2686 iacturisque
435 2607 487 2667 rei
494 2605 677 2685 faoddaris,
700 2607 774 2688 quio
787 2608 879 2670 nimie
892 2606 1036 2685 amplecti
1046 2605 1113 2683 ple-

111 2692 179 2756 bem
194 2690 403 2767 edelstan·
390 2689 636 2788 insuspiciouens
646 2689 1039 2788 insiditrepniaffaoiondi,
1055 2695 1112 2748 eto.

110 2773 232 2851 deinde,
253 2771 319 2836 Sed
336 2791 404 2835 eum
420 2773 652 2854 (auderetenim
663 2773 782 2850 disere,
805 2773 1114 2853 eompatsiamperi-

112 2860 180 2922 ossio
204 2856 377 2936 liberasset)
401 2857 491 2920 euius
514 2856 683 2934 nefandum
709 2857 929 2919 adulterium
915 2876 949 2918 m
969 2857 1129 2936 pulvina-

112 2944 215 3020 rilms,
238 2952 267 3004 et
283 2943 384 3003 totus
375 2959 404 3003 ιιι
416 2937 549 3002 Gladium
560 2939 655 3000 loeus.
685 2938 881 3002 Dissimile
897 2939 998 3020 plures
1010 2954 1114 3002 oausas
1121 2953 1156 3012 13

111 3023 211 3102 habet,
228 3025 482 3104 dtenimgenere,
500 3023 598 3100 modo,
616 3031 765 3103 ternpore,
785 3025 1043 3102 inconstansque,
1060 3039 1114 3101 per

113 3125 189 3188 quae
210 3108 274 3169 iere
289 3110 383 3170 omnia
400 3105 505 3171 (iioero
522 3106 718 3187 praeiudicia,
742 3125 816 3186 quae
830 3108 867 3169 de
883 3103 1018 3168 cluentio
1033 3105 1114 3166 vide·

112 3192 217 3253 hanun
228 3189 320 3267 iaota
337 3191 491 3262 subuertit;
511 3191 704 3252 eontrario
718 3208 791 3252 vero
803 3190 940 3269 exemplo
952 3190 1115 3251 censoriam

113 3283 212 3336 notam
232 3274 373 3336 laudando
396 3291 547 3336 censorem
561 3273 744 3352 Airieenum,
768 3277 816 3354 qui
831 3291 912 3350 eum,
934 3289 1020 3352 quem
1034 3273 1114 3351 peie-

113 3375 198 3420 rasse
214 3359 365 3438 oonoeptis
376 3357 476 3418 verbis
488 3359 583 3437 palam
594 3358 730 3435 dixisset,
748 3356 1039 3419 testimoniumetiam
1051 3353 1115 3435 pol·

114 3443 229 3520 lieitus,
256 3443 367 3522 siquis
390 3448 491 3502 oontra
510 3440 636 3521 diceret,
664 3442 743 3502 nullo
763 3450 935 3522 aeousaate,
961 3440 1115 3501 traducere
