2608 3948
196 193 254 254 142
503 207 541 256 nn.
558 205 638 254 usn.
658 205 878 266 domninum

190 357 259 422 iam
279 359 390 439 facere
409 377 512 440 ceper.
546 359 660 434 Quanto
677 361 770 436 magia
793 360 854 436 eis,
884 359 987 438 qnibuu
1010 379 1098 422 curae
1119 362 1199 423 iama

148 443 258 520 adluit,
283 444 501 506 conservandus
523 451 568 504 est
589 443 637 504 bio
658 443 740 505 velut
761 439 905 504 ambitus?
941 442 1039 517 Quare
1059 453 1106 520 et,
1129 463 1197 506 cnm

144 556 147 561 ·
191 523 335 590 Ciceroni
351 527 481 589 dabimus
499 526 667 604 consilium,
689 535 725 588 ct
743 523 907 590 Anwntnm
921 537 1023 607 repet,
1042 528 1197 589 ueletiam
1291 551 1292 554 ¹

189 619 222 674 at
242 608 435 692 Philippicas
454 610 509 690 (ita
523 611 611 671 vitam
628 611 788 690 pollicente
805 614 858 692 eo)
876 620 1013 688 *emurch
1035 629 1093 672 non
1113 613 1196 692 cupi-

190 695 307 756 ditatem
322 695 396 755 lucis
412 694 614 772 allegabimus,
632 695 723 772 (haec
738 697 813 756 enim
829 697 854 755 si
868 695 949 756 valet
961 695 991 754 in
1007 697 1101 756 animo
1118 698 1196 772 eius,

189 778 351 840 tacentibus
367 793 485 857 qnoque
500 778 584 839 nobis
599 779 695 859 valet)
711 779 775 855 sed,
791 788 823 840 ut
837 778 1018 857 reipublicae
1033 798 1066 839 se
1082 788 1195 855 servet,

146 865 180 922 tt
189 861 377 922 hortabimur.
423 860 485 922 llac
507 862 550 923 illi
573 877 647 940 opus
673 871 719 923 est
739 864 917 940 occasione,
940 880 977 923 ne
1003 881 1067 924 eum
1093 863 1196 924 talium

189 963 309 1024 precum
324 945 442 1024 pudeat.
478 944 516 1005 lit
535 941 567 1006 0.
584 943 718 1008 Ooeccn'
734 948 901 1010 suadentes
918 964 1046 1026 roccum
1069 947 1194 1008 affirma·

188 1028 299 1106 bimus,
322 1038 401 1090 stare
422 1030 477 1092 iam
497 1029 706 1109 rempublicam
727 1032 782 1092 nisi
803 1048 861 1091 uno
876 1040 1000 1108 regente
1016 1048 1075 1091 non
1090 1047 1193 1109 posse.

188 1113 261 1174 Nam
277 1114 325 1192 qui
340 1114 377 1175 de
391 1131 424 1174 re
438 1114 549 1174 nelarie
564 1113 723 1190 deliberat,
739 1115 768 1176 id
784 1114 878 1175 solum
895 1116 1026 1193 quaerit,
1044 1114 1192 1193 quonmdo

146 1201 274 1278 liquam
288 1199 431 1258 minimum
446 1215 574 1276 peccare
590 1199 731 1259 videatur.
760 1197 880 1260 linitum
895 1197 986 1258 refert
1001 1199 1098 1274 etiam,
1117 1214 1194 1276 quae

189 1283 227 1342 sit
242 1298 368 1360 persona
384 1281 547 1349 anadentia;
568 1283 650 1360 quia,
676 1290 808 1343 anteacta
822 1284 881 1342 rita
897 1282 922 1342 si
937 1281 1059 1342 illustris
1075 1281 1129 1343 init
1143 1289 1195 1342 aut

190 1366 298 1427 clarius
322 1382 416 1443 genus
441 1374 488 1425 aut
513 1372 595 1424 aetas
620 1373 669 1424 ant
694 1365 809 1426 fortuna
830 1365 915 1426 affert
939 1367 1192 1445 expectationem:

188 1448 400 1529 providendum
416 1457 471 1524 est,
487 1465 535 1523 ne,
552 1465 626 1526 quae
641 1447 784 1524 dicuntur,
800 1448 837 1512 ab
853 1464 901 1524 eo,
918 1450 967 1526 qui
982 1449 1062 1525 dicit,
1080 1449 1192 1510 dissen-

189 1534 269 1593 tiant.
305 1531 345 1591 At
365 1531 410 1592 iris
432 1533 576 1593 conmaria
596 1532 822 1594 summissiorem
842 1533 986 1611 quendam
1007 1533 1122 1594 modurn
1139 1547 1193 1611 po·

190 1615 306 1676 stelant.
344 1614 416 1676 Nam
434 1633 509 1694 quae
524 1617 553 1676 in
573 1615 638 1683 aliis
658 1615 778 1677 libertas
793 1627 854 1692 est,
876 1617 905 1677 in
926 1615 992 1676 aliis
1010 1616 1127 1677 licentia
1140 1631 1193 1674 uo·

115 1769 121 1778 .
191 1709 288 1776 eatur,
314 1709 343 1761 et
365 1699 538 1778 quibusdam
553 1699 661 1760 suffieit
684 1702 858 1776 auctoritas,
882 1699 1023 1778 quondm
1038 1702 1113 1761 ratio
1127 1701 1195 1778 ipsa

189 1801 280 1861 aegre
295 1793 400 1844 tuetur.
1130 1842 1133 1849 ,

149 1877 182 1931 49
274 1867 405 1947 ideoque
433 1867 521 1946 longe
547 1868 615 1928 mihi
642 1866 830 1928 difficillimae
850 1868 984 1929 videntur
1007 1881 1196 1947 prosopo-

190 1952 346 2031 poeiae,
369 1953 398 2011 in
419 1951 522 2030 quibus
540 1952 576 2012 ad
596 1951 738 2030 reliquum
759 1953 910 2012 suasoriae
926 1952 1057 2012 laborent
1078 1949 1195 2009 accedit

190 2037 276 2096 etiam
291 2051 440 2113 personae
455 2033 620 2096 difficultas.
656 2033 788 2114 Namque
803 2035 879 2095 idem
893 2035 965 2095 illud
981 2034 1067 2093 aliter
1083 2029 1197 2092 Caesar

190 2119 275 2180 aliter
294 2116 401 2180 [licere
423 2118 510 2179 aliter
529 2115 602 2178 date
626 2119 751 2179 suadere
775 2117 902 2178 debebit.
939 2117 1097 2177 Utilissima
1118 2132 1195 2176 vero

189 2202 264 2263 haec
287 2203 476 2278 exercitatio,
503 2200 552 2261 vel
576 2203 654 2280 quod
678 2201 802 2280 duplicia
827 2209 872 2260 est
897 2201 1015 2280 operis,
1042 2199 1091 2259 vel
1115 2198 1196 2277 quod

189 2287 287 2366 poetis
304 2303 422 2366 quoque
438 2295 486 2346 aut
506 2286 689 2347 historiarum
704 2285 806 2346 fatoris
827 2283 1020 2364 scriptoribus
1039 2283 1195 2361 plurimum

147 2383 182 2437 50
191 2370 315 2432 confert.
352 2370 461 2430 Verum
477 2378 507 2430 et
521 2369 687 2430 oratoribus
701 2368 880 2430 necessaria.
916 2368 990 2428 Nam
1004 2375 1071 2427 sunt
1085 2365 1193 2427 multae

189 2453 345 2517 ailraecis
359 2452 525 2534 Latinisque
541 2455 723 2533 compositae
746 2455 912 2528 orationes,
936 2451 1040 2531 quibus
1059 2451 1108 2510 alii
1128 2458 1192 2510 ute-

189 2548 307 2614 rentur,
328 2538 364 2599 ad
380 2555 502 2618 qnorum
518 2538 719 2600 condicionem
735 2538 883 2616 vitamque
898 2537 1038 2615 aptanda,
1061 2551 1137 2613 quae
1149 2533 1192 2593 di·

190 2623 347 2699 cebantur,
374 2621 500 2682 luerunt.
547 2621 593 2681 An
616 2621 719 2683 eodem
734 2621 821 2682 modo
840 2622 980 2699 cogitavit
999 2627 1047 2680 aut
1070 2616 1192 2678 eandem

189 2722 346 2786 personam
360 2705 451 2766 induit
466 2703 588 2784 cicero,
613 2724 677 2767 cum
692 2705 838 2766 scriberet
853 2702 906 2766 Gn.
923 2703 1062 2782 Pompeio
1082 2710 1112 2762 et
1128 2719 1192 2762 cum

190 2789 223 2850 Τ.
241 2788 346 2868 Ampio
369 2790 529 2860 ceterisae;
553 2809 589 2851 ae
608 2807 667 2851 non
680 2790 906 2868 uniuscuiusque
922 2805 1022 2848 eornm
1037 2785 1191 2860 fortunam,

190 2873 370 2950 dignitatem,
388 2891 437 2934 res
452 2883 553 2952 gestas
570 2876 686 2936 intuitus
702 2874 837 2948 omnium,
854 2871 957 2951 quibus
973 2887 1079 2931 vocem
1093 2867 1191 2942 dabat,

191 2959 278 3019 etiam
292 2958 447 3036 imaginem
468 2955 636 3039 expressit?
655 2967 687 3018 ut
708 2956 811 3017 melius
827 2955 942 3033 quidem
957 2955 1009 3015 sed
1025 2962 1120 3015 tamen
1135 2953 1191 3030 ipsi

148 3057 180 3110 51
191 3043 291 3105 dicere
313 3041 491 3104 viderentur.
527 3041 631 3121 Neque
652 3043 727 3102 eninn
741 3041 833 3099 minus
851 3039 957 3099 nnosa
974 3047 1019 3100 est
1035 3039 1145 3111 oratio,
1166 3035 1192 3094 si

191 3126 227 3188 ab
244 3126 361 3188 homine
383 3128 507 3206 quamsi
528 3125 564 3186 ab
580 3143 630 3200 re,
651 3126 698 3184 cui
720 3122 905 3185 accomodari
920 3122 1034 3198 debuit,
1056 3119 1189 3188 dissidet3

190 3211 318 3290 ideoque
330 3211 431 3288 Lysias
446 3211 555 3289 optime
569 3209 684 3270 videtur
697 3208 725 3267 in
737 3208 783 3284 iis,
801 3224 877 3285 qnae
892 3204 1040 3268 scribebat
1055 3203 1190 3280 indoctis,

190 3312 328 3355 servasse
338 3296 469 3356 veritatis
485 3293 579 3353 iidem.
606 3289 761 3352 Enimvero
777 3293 935 3371 praecipue
947 3285 1191 3351 declamatoribus

192 3377 434 3438 considerandum
460 3385 525 3451 est,
549 3375 617 3454 quid
644 3377 749 3454 cuique
773 3392 920 3456 personae
945 3373 1115 3447 conveniat,
1142 3370 1191 3451 qni

190 3461 384 3538 paucissimas
399 3459 616 3520 controversias
631 3461 670 3521 ita
685 3460 783 3521 dicunt
797 3469 828 3520 ut
848 3459 998 3536 advocati,
1019 3455 1198 3537 plerumque-

465 3555 466 3560 *
1113 3545 1132 3575 0
