2592 3940
199 244 261 306 oto
481 315 482 320 η
521 255 558 302 m.
572 253 885 314 rsn.onmo1n1sn1

200 411 327 473 marimo
350 427 390 471 eo
417 409 521 471 induro
545 407 677 486 artificio
707 409 963 488 deprompsisset,
990 407 1146 489 Respicite
1169 409 1205 475 0.

198 492 338 557 Fabricii
350 499 554 563 sermctctcm
572 509 641 553 cum
650 491 719 570 boc,
734 489 901 570 Respicite,
917 493 1205 558 ommndueorcts'o·
1272 500 1273 564 ἶ

199 579 247 640 nte
269 591 369 640 causo
388 593 483 655 saepe
502 576 810 655 dictorem-respecti
830 576 916 654 ipse:
941 584 975 638 ot
995 573 1161 640 Fabricius
1184 597 1206 640 u
1272 581 1273 622 ἶ

198 661 352 724 mbsellis's
366 661 498 722 denrireo
517 661 619 738 cupite
634 660 837 735 discesserat,
858 667 888 718 et
903 667 1019 737 cetera,
1035 676 1109 738 quae
1125 661 1205 722 adie-

200 747 253 814 cit;
267 762 339 806 nam·
350 752 396 804 est
411 751 495 803 notus
511 740 608 811 locus:
634 760 697 803 cum
717 743 746 802 in
760 760 793 801 re
809 741 866 802 boc
880 741 975 802 solum
991 751 1086 820 esset,
1103 741 1205 805 Fabri·

157 830 275 896 tlcium
297 845 314 888 a
333 827 439 888 iudicio
460 827 633 887 recessisse.
677 824 715 886 lit
735 823 853 886 (laelius
869 842 933 886 oum
949 825 1043 886 omnia
1058 830 1205 888 renuetis·

199 914 271 973 sime
300 911 381 971 linxit
406 919 465 969 tum
491 908 562 969 illud
592 909 734 986 ultimum,
760 905 821 971 itte
846 909 1027 974 monoculus
1055 913 1208 989 quontodo

199 995 367 1070 transierit,
382 1001 483 1056 otmar
496 1001 567 1055 rote
583 1013 626 1056 ost
637 994 809 1072 piscatorio
820 993 961 1073 navigio,
972 1011 1059 1057 nemo
1073 989 1204 1058 scicbdt.

198 1077 298 1141 Siculi
316 1079 454 1157 quiden,
477 1086 511 1139 ut
530 1081 601 1139 eunt
621 1078 732 1139 losotbr'
745 1081 776 1137 et
789 1075 932 1154 dicaces,
949 1077 1075 1140 mebant
1088 1081 1121 1140 in
1135 1078 1204 1142 del·

157 1163 289 1244 tbpdioo
301 1163 420 1224 sedisse
436 1170 466 1222 et
484 1163 531 1223 sic
547 1169 694 1240 tuaquom
708 1155 828 1222 Ariona
842 1169 1059 1223 transvectum.
1089 1161 1122 1223 ln
1137 1180 1204 1224 nar-

199 1246 291 1310 rando
307 1255 402 1308 sutem
418 1243 523 1306 Cicero
540 1248 704 1306 consistere
721 1244 844 1306 facetias
859 1253 955 1323 putat,
977 1245 1160 1307 dicacitatem
1175 1247 1204 1306 in

199 1330 342 1392 iaciendo.
378 1327 451 1390 blito
472 1329 525 1390 luit
545 1331 573 1389 in
599 1329 656 1390 boc
676 1345 787 1406 genero
802 1336 941 1388 venustus
960 1328 1035 1390 Alcr
1047 1329 1202 1407 Domitius,

201 1416 282 1475 cuius
303 1410 480 1475 orationibus
503 1413 669 1491 complures
692 1411 854 1472 huiusmodi
874 1413 1055 1472 narrationes
1075 1415 1204 1476 insertae

199 1500 398 1576 reperiuntur:
424 1496 477 1556 sed
510 1496 651 1556 dictorum
684 1512 801 1575 quoque
823 1494 859 1556 ab
883 1496 986 1556 eodem
1008 1495 1117 1557 urbane
1138 1507 1205 1558 sunt

158 1581 269 1648 taediti
284 1580 359 1641 libri.
389 1578 464 1640 lllud
476 1595 595 1659 quoquc
613 1597 706 1658 genus
721 1579 907 1657 est‘positum
924 1596 981 1640 non
996 1581 1025 1640 in
1040 1580 1095 1641 bac
1109 1581 1205 1641 veluti

199 1665 373 1727 iaculatione
393 1662 534 1723 dictorum
560 1673 589 1724 et
614 1663 726 1724 inclusa
752 1662 881 1723 breviter
909 1661 1071 1724 urbanitate
1096 1664 1150 1725 scd
1175 1666 1204 1724 in

220 1749 324 1810 nodam
346 1747 480 1824 longiore
501 1755 582 1823 actu,
605 1748 684 1826 quod
705 1747 741 1807 de
766 1744 797 1806 b.
827 1744 935 1809 crasso
962 1756 1063 1808 contra
1086 1747 1205 1808 Brutum

200 1767 306 1893 bromo
324 1830 495 1891 insecundo
511 1830 547 1891 de
563 1829 687 1891 Oratore
709 1829 783 1890 libro
808 1840 837 1891 et
853 1830 917 1890 aliis
934 1830 1103 1909 quibusdam
1127 1830 1203 1893 locis

159 1924 305 1980 tinarrat.
337 1913 420 1991 Nam,
441 1932 505 1974 cum
519 1913 623 1974 Brutus
643 1915 672 1974 in
690 1916 877 1975 accusatione
893 1912 944 1974 Cn.
962 1914 1061 1976 Planci
1078 1933 1116 1975 ex
1131 1915 1203 1976 duo·

200 1999 254 2060 bns
276 1997 435 2060 lectoribus
456 1996 647 2074 ostendisset,
674 1999 818 2058 contraria
840 1996 871 2058 L.
895 1993 1031 2058 (ireseum
1052 2008 1203 2076 patronum

202 2084 264 2142 cius
279 2085 309 2142 in
324 2083 467 2156 oratione,
484 2098 568 2159 quam
582 2082 618 2142 de
635 2080 757 2142 Colonia
771 2080 954 2142 Narbonensi
968 2081 1118 2146 babuerat,
1136 2100 1201 2144 sua·

201 2168 277 2224 sisse
295 2165 342 2238 iis,
359 2181 433 2243 quae
451 2164 488 2224 de
503 2165 573 2242 lege
588 2165 712 2225 Servilia
730 2163 858 2226 dixerat:
872 2167 924 2224 tris
939 2167 1078 2226 excitavit
1093 2177 1123 2226 et
1138 2168 1203 2245 lpse

201 2247 342 2322 lectores,
359 2246 462 2325 bisque
479 2248 568 2325 patris
585 2250 647 2308 eius
658 2247 794 2326 dialogos
813 2249 892 2310 dedit
903 2249 1061 2327 legendos;
1080 2267 1203 2328 quorum

202 2349 265 2392 cum
286 2332 314 2390 in
334 2329 494 2391 Privernati
513 2349 602 2409 unos,
625 2330 700 2392 alter
719 2334 748 2391 in
766 2331 898 2409 Albano,
919 2333 1021 2393 tertius
1046 2335 1076 2392 in
1092 2333 1203 2394 Tiburti

112 2415 131 2488 J
200 2413 506 2475 sermonem'babitum
531 2415 794 2494 complecteretur:
820 2416 1003 2496 requirebat,
1028 2416 1077 2476 ubi
1103 2425 1204 2478 essent

200 2517 254 2560 eae
280 2495 508 2577 possessiones?
549 2498 655 2559 Omnes
684 2508 779 2560 autem
801 2500 866 2560 illas
890 2499 994 2561 brutus
1016 2500 1201 2568 vendiderat:

201 2592 229 2643 ct
244 2592 302 2643 tum
317 2581 438 2659 paterna
449 2599 641 2661 emancupare
655 2583 775 2661 praedia
793 2583 903 2662 turpius
919 2582 1089 2644 babebatur.
1119 2584 1203 2646 Simi-

200 2666 237 2726 lis
259 2666 288 2725 in
308 2665 444 2744 apologis
465 2682 581 2745 qnoque
604 2674 634 2725 ct
654 2665 822 2745 quibusdum
841 2668 953 2728 interim
971 2669 1057 2729 etiam
1073 2667 1204 2728 historiis

202 2749 367 2828 exponendi
381 2750 474 2826 gratia
489 2749 629 2827 consequi
644 2750 731 2810 solet.

158 2842 192 2897 te
284 2832 343 2893 Sed
358 2833 470 2893 acutior
491 2841 537 2892 est
554 2833 605 2894 illa
620 2843 707 2913 atque
729 2832 910 2916 velociorin
930 2834 1092 2896 urbanitate
1115 2834 1202 2894 bre·

199 2915 308 2976 ritas.
350 2913 437 2976 cuius
462 2916 575 2994 quidem
594 2917 702 2995 duplex
722 2918 814 2978 iorma
836 2927 883 2979 est
897 2919 1010 2980 dicendi
1025 2936 1060 2979 ac
1080 2935 1203 2998 respon-

159 2999 301 3076 tddendi,
324 2999 376 3059 sed
397 3000 471 3058 ratio
497 3003 704 3061 communis-in
730 3011 855 3081 partem:
884 3002 955 3064 nibil
974 3003 1050 3063 enim
1074 3002 1152 3081 quod
1174 3003 1204 3061 in

201 3083 375 3145 lacessendo
391 3081 448 3143 dici
458 3092 568 3161 potest,
585 3101 643 3144 non
658 3087 743 3146 etiam
757 3088 786 3145 in
798 3087 1033 3164 repercutiendo.
1058 3085 1101 3145 'At
1113 3103 1203 3165 quae·

201 3168 265 3228 dam
282 3167 400 3246 propria
421 3176 486 3227 sunt
505 3169 756 3246 respondentium:
782 3168 833 3230 ille
850 3171 935 3232 etiam
949 3171 992 3231 ira
1008 3171 1148 3231 concitati
1161 3169 1204 3230 ai-

200 3251 279 3311 ierre
299 3251 413 3327 solent,
435 3250 510 3312 baec
526 3251 696 3331 plerumque
711 3255 740 3312 in
753 3252 943 3315 altercatione
958 3262 1007 3317 out
1021 3255 1050 3314 in
1064 3252 1206 3331 rogandis

201 3333 323 3398 testibus
339 3335 531 3412 requiruntur.
570 3332 641 3397 (lum
654 3338 710 3396 sint
725 3346 820 3398 autem
835 3337 894 3399 loci
909 3339 1028 3418 plures,
1047 3335 1205 3415 exquibus

203 3416 276 3454 dim
289 3415 411 3477 -titcuia
428 3417 583 3480 ducantur:
598 3421 788 3499 repetendum
804 3429 849 3482 est
863 3423 941 3500 mihi,
957 3439 1015 3484 non
1033 3439 1135 3482 omncs
1151 3435 1205 3480 eos

358 3519 366 3556 r
383 3504 556 3571 convenire:
577 3504 721 3582 inprimis
736 3514 831 3566 autem
847 3525 885 3567 er
902 3506 1073 3588 ampbibo
1084 3506 1133 3566 lia
1153 3520 1207 3565 ne·
