2608 3948
368 205 457 254 mrsu.
472 205 837 272 oanuon.n1n.w,1.a.
1009 162 1015 172 ’
1049 195 1107 258 163

109 359 231 420 velimus
252 375 289 419 eo
309 359 400 436 lieet,
422 378 486 420 eum
507 358 595 420 iudex
617 368 793 437 occupatus,
815 379 879 421 eum
901 371 1022 439 angusta
1043 373 1108 424 sunt

109 452 256 522 tempora,
286 460 350 502 cum
375 444 467 503 maior
494 451 626 522 potestas
652 441 688 505 ab
715 443 779 521 ipsa
804 463 837 504 re
861 445 941 523 cogit
965 446 1106 524 incipere.

110 525 217 587 (lontra
238 543 313 606 quae
334 535 381 586 est
401 526 515 586 interim
534 526 677 605 prooemii
696 526 740 585 vis
757 528 843 587 etiam
857 545 915 588 non
930 530 958 588 in
974 530 1105 591 exordio.
1116 541 1151 598 73

107 609 181 671 Nam
200 609 313 671 iudices
337 617 368 669 et
386 611 416 670 in
429 611 594 671 narratione
611 620 863 689 nonnunquamet
877 613 905 671 in
920 614 1106 689 argumentis,

107 702 138 778 qt
155 690 303 753 attendant
319 701 349 752 et
363 701 394 752 ut
408 693 534 768 faveant,
550 709 697 769 rogamus,
716 709 773 771 quo
789 693 928 756 Prodicus
943 696 1026 756 velut
1041 697 1107 756 dor·

107 778 242 837 mitantes
261 792 314 837 eos
335 776 456 837 excitari
471 774 602 854 putabat;
626 776 713 858 quale
729 785 788 836 est:
817 774 891 840 Tum
903 775 937 840 G.
957 777 1151 858 Vcrcnosfll

108 861 162 939 qui
175 878 197 921 o
216 859 338 938 sensilia
352 856 556 922 Anchariana
573 861 696 922 occisus
712 866 764 921 est.
802 859 884 939 Hoc,
907 878 1040 942 quaeso,
1059 865 1107 926 iat-

108 944 205 1019 dicea,
223 941 383 1022 diligenter
397 943 555 1005 attendite.
590 941 697 1022 Utique
718 943 743 1002 si
764 942 916 1024 multiplex
938 964 1025 1008 causa
1050 955 1106 1023 est,

108 1043 162 1086 sua
176 1024 340 1106 quibusque
357 1025 486 1105 partibus
502 1025 594 1087 danda
611 1026 755 1103 praelatio
772 1035 827 1103 cst,
850 1038 880 1088 ut
893 1026 1008 1093 Audite
1024 1049 1108 1093 nune

106 1109 239 1188 reliquo,
256 1119 286 1170 et
302 1107 438 1172 Transeo
451 1129 535 1172 ocae
552 1111 635 1172 illac.
674 1110 735 1169 Sed
758 1111 787 1169 in
807 1110 877 1188 ipsis
900 1114 984 1174 etiarn
1001 1113 1149 1192 proba-75

106 1192 232 1254 tionibus
249 1192 338 1254 multa
354 1191 510 1270 iunguntur
524 1193 668 1271 prooemii
678 1194 762 1269 vico,
781 1200 813 1253 ut
833 1194 904 1254 lacit
926 1193 1032 1256 Cicero
1051 1213 1106 1275 pro

106 1275 259 1351 Cluentio,
288 1276 416 1337 dicturus
445 1285 546 1337 contra
568 1293 723 1345 censores;
751 1288 806 1355 pro
829 1275 964 1354 llurena,
986 1296 1050 1338 eum
1074 1296 1107 1338 se

107 1361 211 1421 Servio
229 1369 357 1420 excusat.
395 1357 505 1420 Verum
523 1359 551 1420 id
572 1359 753 1439 frequentius
777 1369 839 1437 est,
864 1379 947 1440 quam
962 1370 993 1421 ut
1008 1380 1106 1423 exem·

105 1443 163 1508 ulis
180 1441 403 1502 confirmandum
424 1443 471 1502 sit.

194 1525 334 1600 Quotiens
356 1534 451 1586 antem
473 1527 623 1605 prooemio
646 1526 784 1588 fuerimus
803 1529 865 1605 nsi,
889 1536 963 1604 tum,
987 1532 1050 1590 sive
1071 1531 1150 1592 adili

108 1609 323 1689 expositionem
345 1609 529 1670 transibimus
551 1610 613 1669 sive
631 1611 762 1687 protinus
783 1609 1055 1690 adprobationem,
1077 1613 1105 1674 io

107 1692 226 1755 debebit
256 1693 286 1752 in
312 1693 457 1773 principio
485 1702 664 1772 postremum
687 1711 770 1771 esee,
803 1697 848 1754 cul
875 1696 1106 1756 commodissime

106 1779 185 1856 iungi
198 1777 307 1838 initium
329 1779 511 1856 sequentium
525 1778 642 1856 poterit.
672 1776 727 1838 llla
740 1794 813 1837 vero
825 1778 930 1856 frigida
944 1787 974 1838 et
986 1779 1107 1858 puerilis
1114 1785 1148 1842 tt

107 1862 195 1922 estin
210 1859 320 1922 scholis
336 1861 495 1938 affectatio,
510 1869 542 1920 ut
556 1862 621 1939 ipse
636 1861 772 1921 transitus
788 1860 895 1921 elliciat
909 1861 1033 1940 aliquam
1053 1865 1106 1922 uti-

107 1961 164 2024 que
185 1945 372 2021 sententiam,
399 1953 429 2004 et
450 1943 534 2005 huius
558 1943 639 2004 velut
663 1945 838 2022 praestigiae
862 1941 995 2022 plausum
1016 1954 1106 2023 petat,

106 2036 138 2088 ut
159 2024 277 2088 Ovidius
293 2027 430 2090 lascivire
444 2027 730 2105 iulletamorplrosin
740 2025 828 2103 solet,
846 2045 931 2105 quern
945 2037 1039 2090 tamen
1057 2045 1106 2088 ex-

107 2128 210 2173 cusare
231 2113 393 2172 necessitas
416 2120 515 2192 potest
536 2129 585 2172 res
606 2111 816 2173 diversissimas
831 2113 860 2172 in
879 2114 1008 2191 speciem
1023 2114 1106 2174 unius

106 2195 240 2274 corporis
255 2195 451 2274 colligentem.
500 2193 615 2258 Oratori
635 2212 707 2256 uero
730 2195 797 2274 quid
818 2204 864 2255 est
878 2213 1003 2257 necesse
1018 2197 1150 2260 sumi-78

105 2295 178 2358 pere
192 2277 268 2340 bano
280 2281 543 2358 transgressionem
562 2288 591 2340 et
606 2279 729 2340 iudicem
750 2278 871 2355 fallere,
888 2281 952 2358 qui,
969 2289 1000 2340 ut
1014 2281 1107 2343 ordini

87 2379 202 2422 *rernm
222 2363 343 2422 animum
362 2361 506 2439 intendat,
531 2365 617 2422 etiam
640 2361 865 2422 commonendus
890 2360 956 2422 esti
998 2362 1108 2424 Peribit
1143 2379 1145 2386 ·
1259 2391 1261 2396 ·

106 2446 183 2505 enim
196 2446 368 2524 primapars
385 2447 594 2524 expositionis,
613 2447 638 2504 si
652 2445 739 2505 iudex
753 2445 864 2506 marran
883 2445 1007 2504 nondum
1022 2448 1105 2506 sciet.

107 2528 312 2607 Quapropter,
335 2536 367 2588 nt
390 2545 448 2588 non
469 2527 591 2607 abrupte
612 2526 718 2588 cadere
739 2529 768 2586 in
782 2530 976 2588 narrationem
995 2530 1034 2588 ita
1050 2533 1149 2590 nont‘l

107 2611 234 2672 obscure
252 2613 476 2687 transcendere,
500 2620 545 2671 est
559 2611 705 2689 optimum.
746 2611 778 2670 Si
792 2627 864 2670 vero
881 2610 996 2688 longior
1012 2611 1107 2688 scqui-

105 2706 157 2757 tnr.
169 2712 204 2770 ac
220 2694 363 2775 perplexa
377 2696 468 2774 magis
482 2695 646 2773 expositio,
661 2693 696 2754 ad
713 2711 776 2753 eam
788 2695 880 2772 ipsam
893 2694 1107 2773 praeparandus

106 2779 162 2841 erit
176 2779 280 2857 index,
303 2787 334 2841 ιιι
351 2776 457 2844 Oiecro
477 2779 595 2857 saepius
618 2776 672 2837 sed
693 2785 723 2836 et
738 2775 879 2837 hocloco
900 2778 990 2838 fecit:
1012 2776 1108 2840 Paeo

105 2865 225 2942 lampius
237 2865 399 2928 wordiam
412 2865 460 2926 rei
470 2861 730 2926 conculcandae
743 2869 891 2940 repetem,
909 2863 1000 2942 quod,
1015 2878 1106 2941 quoe-

105 2965 149 3022 ιο,
170 2948 306 3025 iudices,
327 2967 367 3011 ne
383 2949 506 3011 moleste
524 2945 706 3026 potiamioia
721 2946 889 3025 ,principiis
907 2948 987 3008 eman
1003 2948 1106 3026 copul-

106 3031 146 3092 tto
160 3032 252 3093 multo
264 3033 391 3111 [ocilim
404 3038 543 3095 ectrenc
557 3029 737 3108 intelligetis.
771 3028 851 3090 Haeo
875 3029 939 3090 lere
961 3038 1026 3090 sunt
1040 3028 1107 3088 milri

107 3114 145 3174 tle
163 3113 284 3174 exordio
301 3124 458 3194 comperta.

469 3265 513 3314 nn
530 3257 750 3315 nnnnnntottn.
817 3323 819 3330 Α

192 3357 228 3420 11.
258 3355 381 3418 blaxime
402 3359 531 3419 naturale
555 3367 600 3421 est
621 3367 651 3418 et
675 3359 738 3420 lieri
755 3359 988 3437 frequentissime
1008 3355 1106 3432 debet,

105 3451 140 3504 ιιι
153 3451 329 3523 praeparato
346 3459 401 3521 per
415 3441 504 3518 baec,
525 3460 600 3521 quae
615 3460 703 3522 supra
722 3443 798 3502 dieta
814 3449 897 3584 sunti
904 3439 1023 3583 1ispaliee,
1045 3456 1105 3518 res,
