<?xml version="1.0" encoding="UTF-8"?>
<!DOCTYPE html PUBLIC "-//W3C//DTD XHTML 1.0 Transitional//EN"
    "http://www.w3.org/TR/xhtml1/DTD/xhtml1-transitional.dtd">
<html xmlns="http://www.w3.org/1999/xhtml" xml:lang="en" lang="en">
 <head>
  <title>
</title>
<meta http-equiv="Content-Type" content="text/html;charset=utf-8" />
  <meta name='ocr-system' content='tesseract 3.04.00' />
  <meta name='ocr-capabilities' content='ocr_page ocr_carea ocr_par ocr_line ocrx_word'/>
</head>
<body>
  <div class='ocr_page' id='page_1' title='image "./mfabiiquintilia19quingoog_0298.png"; bbox 0 0 2592 3940; ppageno 0'>
   <div class='ocr_carea' id='block_1_1' title="bbox 397 205 1118 285">
    <p class='ocr_par' dir='ltr' id='par_1_1' title="bbox 397 205 1118 285">
     <span class='ocr_line' id='line_1_1' title="bbox 397 205 1118 285; baseline 0.007 -22"><span class='ocrx_word' id='word_1_1' title='bbox 397 215 833 285; x_wconf 81' lang='lat' dir='ltr'>ruer.ouur0n.u1o.v1,e.</span> <span class='ocrx_word' id='word_1_2' title='bbox 1057 205 1118 268; x_wconf 81' lang='lat'>279</span> 
     </span>
    </p>
   </div>
   <div class='ocr_carea' id='block_1_2' title="bbox 6 369 1179 3460">
    <p class='ocr_par' dir='ltr' id='par_1_2' title="bbox 118 369 1178 1538">
     <span class='ocr_line' id='line_1_2' title="bbox 118 369 1176 450; baseline 0.002 -18"><span class='ocrx_word' id='word_1_3' title='bbox 118 371 173 432; x_wconf 86' lang='lat' dir='ltr'>sed</span> <span class='ocrx_word' id='word_1_4' title='bbox 187 372 275 432; x_wconf 88' lang='lat' dir='ltr'>risum</span> <span class='ocrx_word' id='word_1_5' title='bbox 290 379 385 434; x_wconf 86' lang='lat' dir='ltr'>tamen</span> <span class='ocrx_word' id='word_1_6' title='bbox 400 388 458 431; x_wconf 90' lang='lat' dir='ltr'>uon</span> <span class='ocrx_word' id='word_1_7' title='bbox 474 370 590 432; x_wconf 86' lang='lat' dir='ltr'>habent.</span> <span class='ocrx_word' id='word_1_8' title='bbox 625 369 729 450; x_wconf 78' lang='lat' dir='ltr'>Neque</span> <span class='ocrx_word' id='word_1_9' title='bbox 751 373 825 432; x_wconf 88' lang='lat' dir='ltr'>enim</span> <span class='ocrx_word' id='word_1_10' title='bbox 840 373 868 431; x_wconf 89' lang='lat' dir='ltr'>ei</span> <span class='ocrx_word' id='word_1_11' title='bbox 883 372 920 432; x_wconf 90' lang='lat' dir='ltr'>de</span> <span class='ocrx_word' id='word_1_12' title='bbox 936 375 996 433; x_wconf 89' lang='lat' dir='ltr'>risu</span> <span class='ocrx_word' id='word_1_13' title='bbox 1010 373 1064 434; x_wconf 87' lang='lat' dir='ltr'>sed</span> <span class='ocrx_word' id='word_1_14' title='bbox 1083 373 1176 446; x_wconf 71' lang='lat' dir='ltr'>domn</span> 
     </span>
     <span class='ocr_line' id='line_1_3' title="bbox 118 453 1119 534; baseline 0.003 -20"><span class='ocrx_word' id='word_1_15' title='bbox 118 453 280 518; x_wconf 69' lang='lat' dir='ltr'>urbanitate</span> <span class='ocrx_word' id='word_1_16' title='bbox 297 464 343 516; x_wconf 89' lang='lat' dir='ltr'>est</span> <span class='ocrx_word' id='word_1_17' title='bbox 361 472 435 534; x_wconf 92' lang='lat' dir='ltr'>opus</span> <span class='ocrx_word' id='word_1_18' title='bbox 449 457 624 531; x_wconf 89' lang='lat' dir='ltr'>institutum,</span> <span class='ocrx_word' id='word_1_19' title='bbox 649 473 734 534; x_wconf 81' lang='lat' dir='ltr'>qnam</span> <span class='ocrx_word' id='word_1_20' title='bbox 752 457 899 534; x_wconf 76' lang='lat' dir='ltr'>propriam</span> <span class='ocrx_word' id='word_1_21' title='bbox 912 466 981 517; x_wconf 77' lang='lat' dir='ltr'>esse</span> <span class='ocrx_word' id='word_1_22' title='bbox 1000 465 1119 517; x_wconf 91' lang='lat' dir='ltr'>nostrae</span> 
     </span>
     <span class='ocr_line' id='line_1_4' title="bbox 121 538 1118 619; baseline 0.002 -19"><span class='ocrx_word' id='word_1_23' title='bbox 121 539 244 600; x_wconf 84' lang='lat' dir='ltr'>civitatis</span> <span class='ocrx_word' id='word_1_24' title='bbox 262 550 293 600; x_wconf 87' lang='lat' dir='ltr'>et</span> <span class='ocrx_word' id='word_1_25' title='bbox 307 557 375 600; x_wconf 90' lang='lat' dir='ltr'>sero</span> <span class='ocrx_word' id='word_1_26' title='bbox 391 541 435 599; x_wconf 89' lang='lat' dir='ltr'>sic</span> <span class='ocrx_word' id='word_1_27' title='bbox 450 538 574 616; x_wconf 78' lang='lat' dir='ltr'>intelligi</span> <span class='ocrx_word' id='word_1_28' title='bbox 595 548 744 616; x_wconf 90' lang='lat' dir='ltr'>coeptam,</span> <span class='ocrx_word' id='word_1_29' title='bbox 767 547 920 618; x_wconf 74' lang='lat' dir='ltr'><strong>postquam</strong></span> <span class='ocrx_word' id='word_1_30' title='bbox 939 539 1047 602; x_wconf 83' lang='lat' dir='ltr'>Urbis</span> <span class='ocrx_word' id='word_1_31' title='bbox 1069 558 1118 619; x_wconf 90' lang='lat' dir='ltr'>ap-</span> 
     </span>
     <span class='ocr_line' id='line_1_5' title="bbox 118 620 1119 700; baseline 0.003 -19"><span class='ocrx_word' id='word_1_32' title='bbox 118 620 295 700; x_wconf 85' lang='lat' dir='ltr'>pellatione,</span> <span class='ocrx_word' id='word_1_33' title='bbox 312 624 424 684; x_wconf 88' lang='lat' dir='ltr'>etiamsi</span> <span class='ocrx_word' id='word_1_34' title='bbox 440 639 544 682; x_wconf 89' lang='lat' dir='ltr'>nomen</span> <span class='ocrx_word' id='word_1_35' title='bbox 558 627 707 700; x_wconf 82' lang='lat' dir='ltr'>proprium</span> <span class='ocrx_word' id='word_1_36' title='bbox 721 639 779 682; x_wconf 91' lang='lat' dir='ltr'>nou</span> <span class='ocrx_word' id='word_1_37' title='bbox 794 622 983 700; x_wconf 89' lang='lat' dir='ltr'>adiiceretnr,</span> <span class='ocrx_word' id='word_1_38' title='bbox 1000 623 1119 684; x_wconf 87' lang='lat' dir='ltr'>Romam</span> 
     </span>
     <span class='ocr_line' id='line_1_6' title="bbox 118 704 1178 786; baseline 0.001 -21"><span class='ocrx_word' id='word_1_39' title='bbox 118 713 215 766; x_wconf 91' lang='lat' dir='ltr'>tamen</span> <span class='ocrx_word' id='word_1_40' title='bbox 236 708 331 786; x_wconf 88' lang='lat' dir='ltr'>accipi</span> <span class='ocrx_word' id='word_1_41' title='bbox 352 709 389 767; x_wconf 84' lang='lat' dir='ltr'>eit</span> <span class='ocrx_word' id='word_1_42' title='bbox 404 715 566 785; x_wconf 87' lang='lat' dir='ltr'>receptum.</span> <span class='ocrx_word' id='word_1_43' title='bbox 602 704 733 785; x_wconf 81' lang='lat' dir='ltr'>Eamque</span> <span class='ocrx_word' id='word_1_44' title='bbox 757 709 801 767; x_wconf 91' lang='lat' dir='ltr'>sic</span> <span class='ocrx_word' id='word_1_45' title='bbox 823 705 898 768; x_wconf 86' lang='lat' dir='ltr'>duit:</span> <span class='ocrx_word' id='word_1_46' title='bbox 919 707 1178 780; x_wconf 77' lang='lat' dir='ltr'>Urbanitas104</span> 
     </span>
     <span class='ocr_line' id='line_1_7' title="bbox 118 790 1119 872; baseline 0.005 -23"><span class='ocrx_word' id='word_1_47' title='bbox 118 790 165 850; x_wconf 82' lang='lat' dir='ltr'>erl</span> <span class='ocrx_word' id='word_1_48' title='bbox 179 791 278 852; x_wconf 72' lang='lat' dir='ltr'>uirtus</span> <span class='ocrx_word' id='word_1_49' title='bbox 292 792 446 870; x_wconf 77' lang='lat' dir='ltr'><strong><em>quaedam</em></strong></span> <span class='ocrx_word' id='word_1_50' title='bbox 459 791 492 851; x_wconf 85' lang='lat' dir='ltr'>im</span> <span class='ocrx_word' id='word_1_51' title='bbox 507 790 599 852; x_wconf 84' lang='lat' dir='ltr'>breve</span> <span class='ocrx_word' id='word_1_52' title='bbox 616 791 731 852; x_wconf 74' lang='lat' dir='ltr'>dionem</span> <span class='ocrx_word' id='word_1_53' title='bbox 748 797 857 854; x_wconf 84' lang='lat' dir='ltr'>concta</span> <span class='ocrx_word' id='word_1_54' title='bbox 873 800 903 852; x_wconf 86' lang='lat' dir='ltr'>et</span> <span class='ocrx_word' id='word_1_55' title='bbox 915 800 991 872; x_wconf 84' lang='lat' dir='ltr'>opta</span> <span class='ocrx_word' id='word_1_56' title='bbox 1005 794 1050 853; x_wconf 85' lang='lat' dir='ltr'>od</span> <span class='ocrx_word' id='word_1_57' title='bbox 1064 793 1119 854; x_wconf 86' lang='lat' dir='ltr'>de-</span> 
     </span>
     <span class='ocr_line' id='line_1_8' title="bbox 118 872 1120 958; baseline 0.001 -23"><span class='ocrx_word' id='word_1_58' title='bbox 118 872 280 936; x_wconf 79' lang='lat' dir='ltr'>lectandos</span> <span class='ocrx_word' id='word_1_59' title='bbox 292 875 514 952; x_wconf 74' lang='lat' dir='ltr'>mouendosque</span> <span class='ocrx_word' id='word_1_60' title='bbox 525 873 660 936; x_wconf 69' lang='lat' dir='ltr'>bonumea</span> <span class='ocrx_word' id='word_1_61' title='bbox 676 876 710 934; x_wconf 83' lang='lat' dir='ltr'>im</span> <span class='ocrx_word' id='word_1_62' title='bbox 726 892 842 936; x_wconf 84' lang='lat' dir='ltr'>omnem</span> <span class='ocrx_word' id='word_1_63' title='bbox 857 874 999 958; x_wconf 75' lang='lat' dir='ltr'>affectum</span> <span class='ocrx_word' id='word_1_64' title='bbox 1013 876 1120 952; x_wconf 79' lang='lat' dir='ltr'>ommi,</span> 
     </span>
     <span class='ocr_line' id='line_1_9' title="bbox 118 958 1121 1038; baseline 0.002 -20"><span class='ocrx_word' id='word_1_65' title='bbox 118 958 252 1020; x_wconf 65' lang='lat' dir='ltr'>memore</span> <span class='ocrx_word' id='word_1_66' title='bbox 272 959 387 1021; x_wconf 81' lang='lat' dir='ltr'>idonea</span> <span class='ocrx_word' id='word_1_67' title='bbox 409 959 455 1021; x_wconf 85' lang='lat' dir='ltr'>cd</span> <span class='ocrx_word' id='word_1_68' title='bbox 479 958 682 1021; x_wconf 73' lang='lat' dir='ltr'>resistendum</span> <span class='ocrx_word' id='word_1_69' title='bbox 702 959 753 1020; x_wconf 85' lang='lat' dir='ltr'>cel</span> <span class='ocrx_word' id='word_1_70' title='bbox 769 961 1005 1037; x_wconf 79' lang='lat' dir='ltr'>lacessendum,</span> <span class='ocrx_word' id='word_1_71' title='bbox 1027 967 1121 1038; x_wconf 79' lang='lat' dir='ltr'>prout</span> 
     </span>
     <span class='ocr_line' id='line_1_10' title="bbox 120 1038 1120 1122; baseline 0.003 -22"><span class='ocrx_word' id='word_1_72' title='bbox 120 1056 260 1119; x_wconf 79' lang='lat' dir='ltr'>quaeque</span> <span class='ocrx_word' id='word_1_73' title='bbox 280 1061 332 1104; x_wconf 83' lang='lat' dir='ltr'>res</span> <span class='ocrx_word' id='word_1_74' title='bbox 356 1051 410 1104; x_wconf 82' lang='lat' dir='ltr'>aut</span> <span class='ocrx_word' id='word_1_75' title='bbox 426 1059 564 1122; x_wconf 79' lang='lat' dir='ltr'>persono</span> <span class='ocrx_word' id='word_1_76' title='bbox 585 1043 753 1103; x_wconf 64' lang='lat' dir='ltr'>desiderat,</span> <span class='ocrx_word' id='word_1_77' title='bbox 789 1038 842 1100; x_wconf 82' lang='lat' dir='ltr'>cut</span> <span class='ocrx_word' id='word_1_78' title='bbox 860 1044 885 1101; x_wconf 87' lang='lat' dir='ltr'>si</span> <span class='ocrx_word' id='word_1_79' title='bbox 902 1042 1053 1104; x_wconf 81' lang='lat' dir='ltr'>brevitatis</span> <span class='ocrx_word' id='word_1_80' title='bbox 1069 1061 1120 1103; x_wconf 86' lang='lat' dir='ltr'>ex·</span> 
     </span>
     <span class='ocr_line' id='line_1_11' title="bbox 120 1125 1118 1203; baseline 0.002 -19"><span class='ocrx_word' id='word_1_81' title='bbox 120 1125 284 1201; x_wconf 74' lang='lat' dir='ltr'>ceptionem</span> <span class='ocrx_word' id='word_1_82' title='bbox 299 1126 472 1203; x_wconf 81' lang='lat' dir='ltr'>detraxeris,</span> <span class='ocrx_word' id='word_1_83' title='bbox 492 1142 592 1185; x_wconf 88' lang='lat' dir='ltr'>omnes</span> <span class='ocrx_word' id='word_1_84' title='bbox 608 1127 747 1185; x_wconf 87' lang='lat' dir='ltr'>orationis</span> <span class='ocrx_word' id='word_1_85' title='bbox 762 1127 883 1185; x_wconf 84' lang='lat' dir='ltr'>virtutes</span> <span class='ocrx_word' id='word_1_86' title='bbox 902 1126 1057 1203; x_wconf 84' lang='lat' dir='ltr'>complexa</span> <span class='ocrx_word' id='word_1_87' title='bbox 1072 1128 1118 1186; x_wconf 87' lang='lat' dir='ltr'>sit.</span> 
     </span>
     <span class='ocr_line' id='line_1_12' title="bbox 118 1204 1121 1287; baseline 0.004 -22"><span class='ocrx_word' id='word_1_88' title='bbox 118 1204 202 1284; x_wconf 89' lang='lat' dir='ltr'>Nam,</span> <span class='ocrx_word' id='word_1_89' title='bbox 216 1209 241 1268; x_wconf 90' lang='lat' dir='ltr'>si</span> <span class='ocrx_word' id='word_1_90' title='bbox 254 1211 395 1269; x_wconf 73' lang='lat' dir='ltr'>consistat</span> <span class='ocrx_word' id='word_1_91' title='bbox 404 1207 493 1269; x_wconf 85' lang='lat' dir='ltr'>rebus</span> <span class='ocrx_word' id='word_1_92' title='bbox 507 1217 536 1268; x_wconf 88' lang='lat' dir='ltr'>et</span> <span class='ocrx_word' id='word_1_93' title='bbox 547 1209 697 1286; x_wconf 89' lang='lat' dir='ltr'>personis:</span> <span class='ocrx_word' id='word_1_94' title='bbox 714 1208 792 1286; x_wconf 86' lang='lat' dir='ltr'>qnod</span> <span class='ocrx_word' id='word_1_95' title='bbox 803 1209 830 1267; x_wconf 95' lang='lat' dir='ltr'>in</span> <span class='ocrx_word' id='word_1_96' title='bbox 843 1209 974 1287; x_wconf 85' lang='lat' dir='ltr'>utrisque</span> <span class='ocrx_word' id='word_1_97' title='bbox 985 1209 1121 1287; x_wconf 80' lang='lat' dir='ltr'>oporteat</span> 
     </span>
     <span class='ocr_line' id='line_1_13' title="bbox 119 1288 1120 1370; baseline 0 -19"><span class='ocrx_word' id='word_1_98' title='bbox 119 1290 235 1366; x_wconf 89' lang='lat' dir='ltr'>dicere,</span> <span class='ocrx_word' id='word_1_99' title='bbox 257 1293 409 1370; x_wconf 87' lang='lat' dir='ltr'>perlectae</span> <span class='ocrx_word' id='word_1_100' title='bbox 433 1292 618 1370; x_wconf 81' lang='lat' dir='ltr'>eloquentiae</span> <span class='ocrx_word' id='word_1_101' title='bbox 640 1300 695 1351; x_wconf 88' lang='lat' dir='ltr'>est.</span> <span class='ocrx_word' id='word_1_102' title='bbox 729 1288 787 1350; x_wconf 79' lang='lat' dir='ltr'>Gur</span> <span class='ocrx_word' id='word_1_103' title='bbox 803 1298 898 1350; x_wconf 88' lang='lat' dir='ltr'>autern</span> <span class='ocrx_word' id='word_1_104' title='bbox 915 1291 1035 1352; x_wconf 84' lang='lat' dir='ltr'>brevem</span> <span class='ocrx_word' id='word_1_105' title='bbox 1051 1310 1120 1352; x_wconf 87' lang='lat' dir='ltr'>esee</span> 
     </span>
     <span class='ocr_line' id='line_1_14' title="bbox 119 1374 1178 1454; baseline 0.005 -21"><span class='ocrx_word' id='word_1_106' title='bbox 119 1389 182 1433; x_wconf 88' lang='lat' dir='ltr'>enm</span> <span class='ocrx_word' id='word_1_107' title='bbox 196 1374 333 1452; x_wconf 84' lang='lat' dir='ltr'>volucrit,</span> <span class='ocrx_word' id='word_1_108' title='bbox 350 1377 451 1436; x_wconf 90' lang='lat' dir='ltr'>nescio</span> <span class='ocrx_word' id='word_1_109' title='bbox 474 1376 598 1454; x_wconf 86' lang='lat' dir='ltr'>quidem.</span> <span class='ocrx_word' id='word_1_110' title='bbox 625 1374 674 1451; x_wconf 84' lang='lat' dir='ltr'>llt,</span> <span class='ocrx_word' id='word_1_111' title='bbox 691 1391 776 1454; x_wconf 80' lang='lat' dir='ltr'>quam</span> <span class='ocrx_word' id='word_1_112' title='bbox 791 1376 818 1433; x_wconf 91' lang='lat' dir='ltr'>in</span> <span class='ocrx_word' id='word_1_113' title='bbox 834 1375 937 1435; x_wconf 87' lang='lat' dir='ltr'>eodem</span> <span class='ocrx_word' id='word_1_114' title='bbox 953 1375 1027 1436; x_wconf 91' lang='lat' dir='ltr'>libro</span> <span class='ocrx_word' id='word_1_115' title='bbox 1044 1375 1178 1438; x_wconf 84' lang='lat' dir='ltr'>dicat105</span> 
     </span>
     <span class='ocr_line' id='line_1_15' title="bbox 118 1457 1118 1538; baseline 0.003 -20"><span class='ocrx_word' id='word_1_116' title='bbox 118 1457 210 1518; x_wconf 85' lang='lat' dir='ltr'>luisse</span> <span class='ocrx_word' id='word_1_117' title='bbox 227 1467 257 1518; x_wconf 89' lang='lat' dir='ltr'>et</span> <span class='ocrx_word' id='word_1_118' title='bbox 270 1462 299 1519; x_wconf 89' lang='lat' dir='ltr'>iu</span> <span class='ocrx_word' id='word_1_119' title='bbox 311 1459 424 1536; x_wconf 88' lang='lat' dir='ltr'>multis,</span> <span class='ocrx_word' id='word_1_120' title='bbox 448 1459 580 1520; x_wconf 84' lang='lat' dir='ltr'>narrandi</span> <span class='ocrx_word' id='word_1_121' title='bbox 601 1457 790 1519; x_wconf 87' lang='lat' dir='ltr'>urbanitatem</span> <span class='ocrx_word' id='word_1_122' title='bbox 806 1459 893 1537; x_wconf 90' lang='lat' dir='ltr'>paulo</span> <span class='ocrx_word' id='word_1_123' title='bbox 910 1469 977 1538; x_wconf 92' lang='lat' dir='ltr'>post</span> <span class='ocrx_word' id='word_1_124' title='bbox 991 1462 1029 1520; x_wconf 93' lang='lat' dir='ltr'>ita</span> <span class='ocrx_word' id='word_1_125' title='bbox 1048 1459 1118 1537; x_wconf 90' lang='lat' dir='ltr'>linit,</span> 
     </span>
    </p>

    <p class='ocr_par' dir='ltr' id='par_1_3' title="bbox 6 1538 1118 1623">
     <span class='ocr_line' id='line_1_16' title="bbox 6 1538 1118 1623; baseline 0.004 -23"><span class='ocrx_word' id='word_1_126' title='bbox 6 1555 8 1620; x_wconf 56' lang='grc' dir='ltr'><strong>ᾗ</strong></span> <span class='ocrx_word' id='word_1_127' title='bbox 120 1538 239 1602; x_wconf 77' lang='lat' dir='ltr'>Catonis</span> <span class='ocrx_word' id='word_1_128' title='bbox 266 1542 320 1621; x_wconf 92' lang='lat' dir='ltr'>(nt</span> <span class='ocrx_word' id='word_1_129' title='bbox 344 1543 404 1623; x_wconf 92' lang='lat' dir='ltr'>ait)</span> <span class='ocrx_word' id='word_1_130' title='bbox 421 1543 585 1622; x_wconf 85' lang='lat' dir='ltr'>opinionem</span> <span class='ocrx_word' id='word_1_131' title='bbox 600 1552 733 1619; x_wconf 91' lang='lat' dir='ltr'>secutus,</span> <span class='ocrx_word' id='word_1_132' title='bbox 757 1541 922 1604; x_wconf 90' lang='lat' dir='ltr'>Urbanus</span> <span class='ocrx_word' id='word_1_133' title='bbox 945 1544 1030 1607; x_wconf 83' lang='lat' dir='ltr'>bomo</span> <span class='ocrx_word' id='word_1_134' title='bbox 1050 1547 1118 1621; x_wconf 81' lang='lat' dir='ltr'>em&#39;t,</span> 
     </span>
    </p>

    <p class='ocr_par' dir='ltr' id='par_1_4' title="bbox 6 1625 1119 1705">
     <span class='ocr_line' id='line_1_17' title="bbox 119 1627 1119 1705; baseline 0.003 -19.695"><span class='ocrx_word' id='word_1_135' title='bbox 119 1627 207 1686; x_wconf 76' lang='lat' dir='ltr'>cuiue</span> <span class='ocrx_word' id='word_1_136' title='bbox 230 1627 323 1688; x_wconf 84' lang='lat' dir='ltr'>multo</span> <span class='ocrx_word' id='word_1_137' title='bbox 343 1627 419 1689; x_wconf 82' lang='lat' dir='ltr'>bene</span> <span class='ocrx_word' id='word_1_138' title='bbox 434 1629 520 1688; x_wconf 82' lang='lat' dir='ltr'>dicto</span> <span class='ocrx_word' id='word_1_139' title='bbox 538 1642 748 1705; x_wconf 74' lang='lat' dir='ltr'>responsoque</span> <span class='ocrx_word' id='word_1_140' title='bbox 766 1634 870 1702; x_wconf 77' lang='lat' dir='ltr'>erant,</span> <span class='ocrx_word' id='word_1_141' title='bbox 892 1635 921 1689; x_wconf 88' lang='lat' dir='ltr'>et</span> <span class='ocrx_word' id='word_1_142' title='bbox 935 1629 988 1705; x_wconf 78' lang='lat' dir='ltr'>pai</span> <span class='ocrx_word' id='word_1_143' title='bbox 1002 1629 1036 1688; x_wconf 82' lang='lat' dir='ltr'>io</span> <span class='ocrx_word' id='word_1_144' title='bbox 1051 1645 1119 1688; x_wconf 81' lang='lat' dir='ltr'>rer·</span> 
     </span>
    </p>

    <p class='ocr_par' dir='ltr' id='par_1_5' title="bbox 6 1710 1119 1787">
     <span class='ocr_line' id='line_1_18' title="bbox 6 1710 1119 1787; baseline 0.004 -18"><span class='ocrx_word' id='word_1_145' title='bbox 6 1723 7 1732; x_wconf 57' lang='lat'>¹</span> <span class='ocrx_word' id='word_1_146' title='bbox 118 1710 267 1787; x_wconf 79' lang='lat' dir='ltr'>monibus,</span> <span class='ocrx_word' id='word_1_147' title='bbox 284 1711 425 1787; x_wconf 79' lang='lat' dir='ltr'>circulis,</span> <span class='ocrx_word' id='word_1_148' title='bbox 440 1711 602 1786; x_wconf 73' lang='lat' dir='ltr'>conviciis,</span> <span class='ocrx_word' id='word_1_149' title='bbox 617 1712 688 1773; x_wconf 76' lang='lat' dir='ltr'>item</span> <span class='ocrx_word' id='word_1_150' title='bbox 702 1712 736 1771; x_wconf 81' lang='lat' dir='ltr'>in</span> <span class='ocrx_word' id='word_1_151' title='bbox 753 1712 953 1787; x_wconf 65' lang='lat' dir='ltr'>commonibus,</span> <span class='ocrx_word' id='word_1_152' title='bbox 969 1712 1051 1773; x_wconf 84' lang='lat' dir='ltr'>omni</span> <span class='ocrx_word' id='word_1_153' title='bbox 1064 1711 1119 1774; x_wconf 64' lang='lat' dir='ltr'>de⁴</span> 
     </span>
    </p>

    <p class='ocr_par' dir='ltr' id='par_1_6' title="bbox 6 1793 1118 1872">
     <span class='ocr_line' id='line_1_19' title="bbox 6 1793 1118 1872; baseline 0.002 -20"><span class='ocrx_word' id='word_1_154' title='bbox 6 1797 8 1870; x_wconf 76' lang='lat' dir='ltr'><strong>j</strong></span> <span class='ocrx_word' id='word_1_155' title='bbox 117 1795 210 1870; x_wconf 80' lang='lat' dir='ltr'>mique</span> <span class='ocrx_word' id='word_1_156' title='bbox 223 1795 290 1857; x_wconf 86' lang='lat' dir='ltr'>loco</span> <span class='ocrx_word' id='word_1_157' title='bbox 304 1795 437 1858; x_wconf 79' lang='lat' dir='ltr'>ridicule</span> <span class='ocrx_word' id='word_1_158' title='bbox 453 1795 667 1872; x_wconf 71' lang='lat' dir='ltr'>aerumnasque</span> <span class='ocrx_word' id='word_1_159' title='bbox 681 1796 772 1857; x_wconf 83' lang='lat' dir='ltr'>dicet.</span> <span class='ocrx_word' id='word_1_160' title='bbox 809 1793 903 1855; x_wconf 69' lang='lat' dir='ltr'>otuu</span> <span class='ocrx_word' id='word_1_161' title='bbox 923 1803 1027 1870; x_wconf 80' lang='lat' dir='ltr'>erum,</span> <span class='ocrx_word' id='word_1_162' title='bbox 1052 1796 1118 1872; x_wconf 83' lang='lat' dir='ltr'>pai-</span> 
     </span>
    </p>

    <p class='ocr_par' dir='ltr' id='par_1_7' title="bbox 6 1876 1177 1957">
     <span class='ocr_line' id='line_1_20' title="bbox 6 1876 1177 1957; baseline 0.003 -19"><span class='ocrx_word' id='word_1_163' title='bbox 6 1943 7 1948; x_wconf 21' lang='lat'>,</span> <span class='ocrx_word' id='word_1_164' title='bbox 118 1893 238 1955; x_wconf 80' lang='lat' dir='ltr'>eumque</span> <span class='ocrx_word' id='word_1_165' title='bbox 260 1878 340 1940; x_wconf 81' lang='lat' dir='ltr'>baec</span> <span class='ocrx_word' id='word_1_166' title='bbox 362 1878 460 1957; x_wconf 73' lang='lat' dir='ltr'>faciet</span> <span class='ocrx_word' id='word_1_167' title='bbox 483 1885 598 1941; x_wconf 79' lang='lat' dir='ltr'>orator.</span> <span class='ocrx_word' id='word_1_168' title='bbox 641 1876 720 1951; x_wconf 81' lang='lat' dir='ltr'>Quas</span> <span class='ocrx_word' id='word_1_169' title='bbox 741 1879 766 1937; x_wconf 91' lang='lat' dir='ltr'>si</span> <span class='ocrx_word' id='word_1_170' title='bbox 786 1879 942 1957; x_wconf 77' lang='lat' dir='ltr'>recipimus</span> <span class='ocrx_word' id='word_1_171' title='bbox 964 1877 1177 1953; x_wconf 78' lang='lat' dir='ltr'>unitiones,1oo</span> 
     </span>
    </p>

    <p class='ocr_par' dir='ltr' id='par_1_8' title="bbox 6 1953 1118 2039">
     <span class='ocr_line' id='line_1_21' title="bbox 6 1953 1118 2039; baseline 0.003 -22"><span class='ocrx_word' id='word_1_172' title='bbox 6 1953 8 2018; x_wconf 65' lang='grc' dir='ltr'>ἰ</span> <span class='ocrx_word' id='word_1_173' title='bbox 119 1960 254 2039; x_wconf 83' lang='lat' dir='ltr'>quidquid</span> <span class='ocrx_word' id='word_1_174' title='bbox 275 1961 489 2039; x_wconf 89' lang='lat' dir='ltr'>benedicetur,</span> <span class='ocrx_word' id='word_1_175' title='bbox 506 1959 659 2022; x_wconf 86' lang='lat' dir='ltr'>eturbane</span> <span class='ocrx_word' id='word_1_176' title='bbox 681 1962 749 2022; x_wconf 90' lang='lat' dir='ltr'>dicti</span> <span class='ocrx_word' id='word_1_177' title='bbox 769 1978 873 2022; x_wconf 89' lang='lat' dir='ltr'>nomen</span> <span class='ocrx_word' id='word_1_178' title='bbox 894 1962 1029 2039; x_wconf 91' lang='lat' dir='ltr'>accipiet.</span> <span class='ocrx_word' id='word_1_179' title='bbox 1063 1960 1118 2021; x_wconf 85' lang='lat' dir='ltr'>Ge·</span> 
     </span>
    </p>

    <p class='ocr_par' dir='ltr' id='par_1_9' title="bbox 7 2037 1118 2124">
     <span class='ocr_line' id='line_1_22' title="bbox 7 2037 1118 2124; baseline 0.002 -22"><span class='ocrx_word' id='word_1_180' title='bbox 7 2037 8 2058; x_wconf 65' lang='lat'>¹</span> <span class='ocrx_word' id='word_1_181' title='bbox 117 2052 210 2103; x_wconf 91' lang='lat' dir='ltr'>terum</span> <span class='ocrx_word' id='word_1_182' title='bbox 225 2044 278 2121; x_wconf 90' lang='lat' dir='ltr'>illi,</span> <span class='ocrx_word' id='word_1_183' title='bbox 296 2046 344 2124; x_wconf 85' lang='lat' dir='ltr'>qui</span> <span class='ocrx_word' id='word_1_184' title='bbox 356 2044 414 2105; x_wconf 92' lang='lat' dir='ltr'>boc</span> <span class='ocrx_word' id='word_1_185' title='bbox 428 2045 651 2124; x_wconf 66' lang='lat' dir='ltr'>proposuerat,</span> <span class='ocrx_word' id='word_1_186' title='bbox 661 2053 856 2107; x_wconf 86' lang='lat' dir='ltr'>consentanea</span> <span class='ocrx_word' id='word_1_187' title='bbox 871 2045 925 2106; x_wconf 86' lang='lat' dir='ltr'>luit</span> <span class='ocrx_word' id='word_1_188' title='bbox 943 2044 992 2105; x_wconf 83' lang='lat' dir='ltr'>illa</span> <span class='ocrx_word' id='word_1_189' title='bbox 1004 2045 1118 2122; x_wconf 87' lang='lat' dir='ltr'>divisio,</span> 
     </span>
    </p>

    <p class='ocr_par' dir='ltr' id='par_1_10' title="bbox 7 2128 1118 2208">
     <span class='ocr_line' id='line_1_23' title="bbox 7 2128 1118 2208; baseline 0.001 -21"><span class='ocrx_word' id='word_1_190' title='bbox 7 2137 9 2208; x_wconf 38' lang='lat' dir='ltr'>l</span> <span class='ocrx_word' id='word_1_191' title='bbox 116 2137 148 2188; x_wconf 93' lang='lat' dir='ltr'>nt</span> <span class='ocrx_word' id='word_1_192' title='bbox 163 2128 304 2188; x_wconf 89' lang='lat' dir='ltr'>dictorum</span> <span class='ocrx_word' id='word_1_193' title='bbox 324 2129 498 2189; x_wconf 90' lang='lat' dir='ltr'>urbanorum</span> <span class='ocrx_word' id='word_1_194' title='bbox 525 2129 581 2190; x_wconf 91' lang='lat' dir='ltr'>alia</span> <span class='ocrx_word' id='word_1_195' title='bbox 603 2129 680 2190; x_wconf 88' lang='lat' dir='ltr'>seria</span> <span class='ocrx_word' id='word_1_196' title='bbox 701 2129 756 2190; x_wconf 90' lang='lat' dir='ltr'>alia</span> <span class='ocrx_word' id='word_1_197' title='bbox 778 2131 881 2189; x_wconf 89' lang='lat' dir='ltr'>iocosa</span> <span class='ocrx_word' id='word_1_198' title='bbox 896 2129 952 2190; x_wconf 88' lang='lat' dir='ltr'>alia</span> <span class='ocrx_word' id='word_1_199' title='bbox 968 2128 1060 2188; x_wconf 90' lang='lat' dir='ltr'>media</span> <span class='ocrx_word' id='word_1_200' title='bbox 1077 2128 1118 2188; x_wconf 87' lang='lat' dir='ltr'>la-</span> 
     </span>
    </p>

    <p class='ocr_par' dir='ltr' id='par_1_11' title="bbox 7 2210 1120 2273">
     <span class='ocr_line' id='line_1_24' title="bbox 7 2210 1120 2273; baseline 0.002 -5"><span class='ocrx_word' id='word_1_201' title='bbox 7 2227 8 2260; x_wconf 67' lang='grc' dir='ltr'><strong>ι</strong></span> <span class='ocrx_word' id='word_1_202' title='bbox 118 2220 209 2270; x_wconf 91' lang='lat' dir='ltr'>ceret.</span> <span class='ocrx_word' id='word_1_203' title='bbox 239 2210 311 2271; x_wconf 91' lang='lat' dir='ltr'>Nam</span> <span class='ocrx_word' id='word_1_204' title='bbox 326 2222 371 2271; x_wconf 91' lang='lat' dir='ltr'>est</span> <span class='ocrx_word' id='word_1_205' title='bbox 388 2213 490 2273; x_wconf 87' lang='lat' dir='ltr'>eadem</span> <span class='ocrx_word' id='word_1_206' title='bbox 506 2214 630 2273; x_wconf 90' lang='lat' dir='ltr'>omnium</span> <span class='ocrx_word' id='word_1_207' title='bbox 646 2212 722 2272; x_wconf 93' lang='lat' dir='ltr'>bene</span> <span class='ocrx_word' id='word_1_208' title='bbox 738 2213 889 2273; x_wconf 86' lang='lat' dir='ltr'>dictorum.</span> <span class='ocrx_word' id='word_1_209' title='bbox 928 2210 1038 2272; x_wconf 90' lang='lat' dir='ltr'>Verum</span> <span class='ocrx_word' id='word_1_210' title='bbox 1051 2211 1120 2271; x_wconf 89' lang='lat' dir='ltr'>rnihi</span> 
     </span>
    </p>

    <p class='ocr_par' dir='ltr' id='par_1_12' title="bbox 7 2293 1179 2958">
     <span class='ocr_line' id='line_1_25' title="bbox 7 2293 1118 2373; baseline 0.001 -21"><span class='ocrx_word' id='word_1_211' title='bbox 7 2311 8 2334; x_wconf 62' lang='lat' dir='ltr'>l</span> <span class='ocrx_word' id='word_1_212' title='bbox 117 2293 204 2352; x_wconf 89' lang='lat' dir='ltr'>etiam</span> <span class='ocrx_word' id='word_1_213' title='bbox 222 2295 323 2353; x_wconf 84' lang='lat' dir='ltr'>iocosa</span> <span class='ocrx_word' id='word_1_214' title='bbox 345 2294 485 2371; x_wconf 86' lang='lat' dir='ltr'>quaedam</span> <span class='ocrx_word' id='word_1_215' title='bbox 506 2296 639 2355; x_wconf 88' lang='lat' dir='ltr'>videntur</span> <span class='ocrx_word' id='word_1_216' title='bbox 662 2313 752 2373; x_wconf 89' lang='lat' dir='ltr'>posse</span> <span class='ocrx_word' id='word_1_217' title='bbox 774 2313 831 2355; x_wconf 91' lang='lat' dir='ltr'>non</span> <span class='ocrx_word' id='word_1_218' title='bbox 854 2295 924 2355; x_wconf 89' lang='lat' dir='ltr'>satis</span> <span class='ocrx_word' id='word_1_219' title='bbox 943 2295 1051 2355; x_wconf 88' lang='lat' dir='ltr'>urbane</span> <span class='ocrx_word' id='word_1_220' title='bbox 1072 2312 1118 2353; x_wconf 88' lang='lat' dir='ltr'>re-</span> 
     </span>
     <span class='ocr_line' id='line_1_26' title="bbox 117 2375 1177 2456; baseline 0.002 -21"><span class='ocrx_word' id='word_1_221' title='bbox 117 2375 197 2435; x_wconf 89' lang='lat' dir='ltr'>ierri.</span> <span class='ocrx_word' id='word_1_222' title='bbox 244 2375 316 2436; x_wconf 88' lang='lat' dir='ltr'>Nam</span> <span class='ocrx_word' id='word_1_223' title='bbox 340 2393 406 2436; x_wconf 87' lang='lat' dir='ltr'>meo</span> <span class='ocrx_word' id='word_1_224' title='bbox 428 2377 543 2454; x_wconf 88' lang='lat' dir='ltr'>quidem</span> <span class='ocrx_word' id='word_1_225' title='bbox 563 2378 670 2437; x_wconf 89' lang='lat' dir='ltr'>iudicio</span> <span class='ocrx_word' id='word_1_226' title='bbox 695 2377 744 2437; x_wconf 91' lang='lat' dir='ltr'>illa</span> <span class='ocrx_word' id='word_1_227' title='bbox 769 2387 814 2437; x_wconf 90' lang='lat' dir='ltr'>est</span> <span class='ocrx_word' id='word_1_228' title='bbox 829 2377 996 2453; x_wconf 86' lang='lat' dir='ltr'>urbanitas,</span> <span class='ocrx_word' id='word_1_229' title='bbox 1018 2378 1046 2436; x_wconf 90' lang='lat' dir='ltr'>in</span> <span class='ocrx_word' id='word_1_230' title='bbox 1062 2395 1118 2456; x_wconf 85' lang='lat' dir='ltr'>qua</span> <span class='ocrx_word' id='word_1_231' title='bbox 1126 2388 1177 2445; x_wconf 77' lang='lat'>107</span> 
     </span>
     <span class='ocr_line' id='line_1_27' title="bbox 117 2457 1119 2539; baseline 0.002 -21"><span class='ocrx_word' id='word_1_232' title='bbox 117 2458 188 2519; x_wconf 88' lang='lat' dir='ltr'>nihil</span> <span class='ocrx_word' id='word_1_233' title='bbox 202 2457 357 2536; x_wconf 90' lang='lat' dir='ltr'>absonum,</span> <span class='ocrx_word' id='word_1_234' title='bbox 375 2460 444 2520; x_wconf 95' lang='lat' dir='ltr'>nihil</span> <span class='ocrx_word' id='word_1_235' title='bbox 460 2469 594 2537; x_wconf 76' lang='lat' dir='ltr'>agreste,</span> <span class='ocrx_word' id='word_1_236' title='bbox 611 2459 681 2520; x_wconf 93' lang='lat' dir='ltr'>uihil</span> <span class='ocrx_word' id='word_1_237' title='bbox 696 2461 887 2536; x_wconf 90' lang='lat' dir='ltr'>inconditum,</span> <span class='ocrx_word' id='word_1_238' title='bbox 904 2459 973 2521; x_wconf 92' lang='lat' dir='ltr'>nihil</span> <span class='ocrx_word' id='word_1_239' title='bbox 987 2463 1119 2539; x_wconf 79' lang='lat' dir='ltr'>peregri·</span> 
     </span>
     <span class='ocr_line' id='line_1_28' title="bbox 117 2543 1119 2622; baseline 0 -20"><span class='ocrx_word' id='word_1_240' title='bbox 117 2559 183 2602; x_wconf 88' lang='lat' dir='ltr'>num</span> <span class='ocrx_word' id='word_1_241' title='bbox 197 2560 293 2620; x_wconf 89' lang='lat' dir='ltr'>neque</span> <span class='ocrx_word' id='word_1_242' title='bbox 309 2561 397 2603; x_wconf 89' lang='lat' dir='ltr'>sensu</span> <span class='ocrx_word' id='word_1_243' title='bbox 413 2561 509 2622; x_wconf 89' lang='lat' dir='ltr'>neque</span> <span class='ocrx_word' id='word_1_244' title='bbox 524 2543 623 2603; x_wconf 82' lang='lat' dir='ltr'>verbis</span> <span class='ocrx_word' id='word_1_245' title='bbox 641 2561 737 2622; x_wconf 90' lang='lat' dir='ltr'>neque</span> <span class='ocrx_word' id='word_1_246' title='bbox 754 2561 806 2605; x_wconf 89' lang='lat' dir='ltr'>ore</span> <span class='ocrx_word' id='word_1_247' title='bbox 821 2552 945 2621; x_wconf 84' lang='lat' dir='ltr'>gestuve</span> <span class='ocrx_word' id='word_1_248' title='bbox 961 2545 1055 2622; x_wconf 86' lang='lat' dir='ltr'>possit</span> <span class='ocrx_word' id='word_1_249' title='bbox 1070 2543 1119 2603; x_wconf 91' lang='lat' dir='ltr'>de-</span> 
     </span>
     <span class='ocr_line' id='line_1_29' title="bbox 117 2625 1120 2706; baseline 0.003 -21"><span class='ocrx_word' id='word_1_250' title='bbox 117 2625 258 2704; x_wconf 87' lang='lat' dir='ltr'>prehendi</span> <span class='ocrx_word' id='word_1_251' title='bbox 268 2647 275 2694; x_wconf 90' lang='lat'>;</span> <span class='ocrx_word' id='word_1_252' title='bbox 298 2635 329 2686; x_wconf 92' lang='lat' dir='ltr'>ut</span> <span class='ocrx_word' id='word_1_253' title='bbox 348 2643 406 2687; x_wconf 91' lang='lat' dir='ltr'>non</span> <span class='ocrx_word' id='word_1_254' title='bbox 427 2637 484 2687; x_wconf 91' lang='lat' dir='ltr'>tam</span> <span class='ocrx_word' id='word_1_255' title='bbox 502 2630 540 2686; x_wconf 91' lang='lat' dir='ltr'>sit</span> <span class='ocrx_word' id='word_1_256' title='bbox 562 2628 591 2687; x_wconf 91' lang='lat' dir='ltr'>in</span> <span class='ocrx_word' id='word_1_257' title='bbox 606 2627 727 2705; x_wconf 84' lang='lat' dir='ltr'>singulis</span> <span class='ocrx_word' id='word_1_258' title='bbox 745 2629 828 2689; x_wconf 91' lang='lat' dir='ltr'>dictis</span> <span class='ocrx_word' id='word_1_259' title='bbox 845 2645 929 2706; x_wconf 66' lang='lat' dir='ltr'>mam</span> <span class='ocrx_word' id='word_1_260' title='bbox 948 2628 976 2686; x_wconf 92' lang='lat' dir='ltr'>in</span> <span class='ocrx_word' id='word_1_261' title='bbox 991 2635 1053 2688; x_wconf 92' lang='lat' dir='ltr'>toto</span> <span class='ocrx_word' id='word_1_262' title='bbox 1070 2644 1120 2688; x_wconf 91' lang='lat' dir='ltr'>co·</span> 
     </span>
     <span class='ocr_line' id='line_1_30' title="bbox 117 2702 1119 2790; baseline 0 -18"><span class='ocrx_word' id='word_1_263' title='bbox 117 2709 182 2772; x_wconf 92' lang='lat' dir='ltr'>lore</span> <span class='ocrx_word' id='word_1_264' title='bbox 203 2709 334 2787; x_wconf 92' lang='lat' dir='ltr'>dicendi,</span> <span class='ocrx_word' id='word_1_265' title='bbox 364 2711 459 2790; x_wconf 79' lang='lat' dir='ltr'>qualis</span> <span class='ocrx_word' id='word_1_266' title='bbox 480 2711 556 2790; x_wconf 89' lang='lat' dir='ltr'>apnd</span> <span class='ocrx_word' id='word_1_267' title='bbox 578 2710 707 2772; x_wconf 82' lang='lat' dir='ltr'>Graecos</span> <span class='ocrx_word' id='word_1_268' title='bbox 733 2702 899 2789; x_wconf 76' lang='grc' dir='ltr'><strong>ἆπικισμὸς</strong></span> <span class='ocrx_word' id='word_1_269' title='bbox 921 2710 972 2770; x_wconf 91' lang='lat' dir='ltr'>ille</span> <span class='ocrx_word' id='word_1_270' title='bbox 993 2711 1119 2772; x_wconf 87' lang='lat' dir='ltr'>reddens</span> 
     </span>
     <span class='ocr_line' id='line_1_31' title="bbox 116 2792 1179 2874; baseline 0 -20"><span class='ocrx_word' id='word_1_271' title='bbox 116 2793 293 2854; x_wconf 77' lang='lat' dir='ltr'>Athenarum</span> <span class='ocrx_word' id='word_1_272' title='bbox 319 2796 467 2874; x_wconf 92' lang='lat' dir='ltr'>proprium</span> <span class='ocrx_word' id='word_1_273' title='bbox 495 2811 639 2873; x_wconf 87' lang='lat' dir='ltr'>saporem.</span> <span class='ocrx_word' id='word_1_274' title='bbox 677 2793 722 2854; x_wconf 83' lang='lat' dir='ltr'>lle</span> <span class='ocrx_word' id='word_1_275' title='bbox 743 2804 838 2856; x_wconf 88' lang='lat' dir='ltr'>tamen</span> <span class='ocrx_word' id='word_1_276' title='bbox 860 2793 995 2854; x_wconf 92' lang='lat' dir='ltr'>indicium</span> <span class='ocrx_word' id='word_1_277' title='bbox 1021 2792 1119 2873; x_wconf 82' lang='lat' dir='ltr'>blansi,</span> <span class='ocrx_word' id='word_1_278' title='bbox 1126 2813 1179 2866; x_wconf 83' lang='lat'>108</span> 
     </span>
     <span class='ocr_line' id='line_1_32' title="bbox 117 2875 1117 2958; baseline 0.002 -20"><span class='ocrx_word' id='word_1_279' title='bbox 117 2875 240 2939; x_wconf 69' lang='lat' dir='ltr'>nominis</span> <span class='ocrx_word' id='word_1_280' title='bbox 256 2879 460 2956; x_wconf 85' lang='lat' dir='ltr'>eruditissimi,</span> <span class='ocrx_word' id='word_1_281' title='bbox 483 2877 663 2938; x_wconf 85' lang='lat' dir='ltr'>subtraham:</span> <span class='ocrx_word' id='word_1_282' title='bbox 688 2879 765 2938; x_wconf 87' lang='lat' dir='ltr'>seria</span> <span class='ocrx_word' id='word_1_283' title='bbox 789 2880 911 2957; x_wconf 87' lang='lat' dir='ltr'>partitur</span> <span class='ocrx_word' id='word_1_284' title='bbox 935 2878 964 2938; x_wconf 92' lang='lat' dir='ltr'>in</span> <span class='ocrx_word' id='word_1_285' title='bbox 988 2879 1043 2939; x_wconf 90' lang='lat' dir='ltr'>tria</span> <span class='ocrx_word' id='word_1_286' title='bbox 1065 2897 1117 2958; x_wconf 73' lang='lat' dir='ltr'>ge·</span> 
     </span>
    </p>

    <p class='ocr_par' dir='ltr' id='par_1_13' title="bbox 9 2960 1178 3460">
     <span class='ocr_line' id='line_1_33' title="bbox 9 2960 1119 3038; baseline 0.003 -20"><span class='ocrx_word' id='word_1_287' title='bbox 9 2997 10 3018; x_wconf 52' lang='lat' dir='ltr'>r</span> <span class='ocrx_word' id='word_1_288' title='bbox 117 2977 205 3037; x_wconf 82' lang='lat' dir='ltr'>nera,</span> <span class='ocrx_word' id='word_1_289' title='bbox 227 2961 435 3037; x_wconf 84' lang='lat' dir='ltr'>honorificum,</span> <span class='ocrx_word' id='word_1_290' title='bbox 459 2962 713 3038; x_wconf 89' lang='lat' dir='ltr'>contumeliosum,</span> <span class='ocrx_word' id='word_1_291' title='bbox 738 2961 871 3024; x_wconf 89' lang='lat' dir='ltr'>medium.</span> <span class='ocrx_word' id='word_1_292' title='bbox 906 2960 945 3022; x_wconf 81' lang='lat' dir='ltr'>llt</span> <span class='ocrx_word' id='word_1_293' title='bbox 965 2961 1119 3022; x_wconf 80' lang='lat' dir='ltr'>honorifici</span> 
     </span>
     <span class='ocr_line' id='line_1_34' title="bbox 117 3043 1120 3126; baseline 0.006 -25"><span class='ocrx_word' id='word_1_294' title='bbox 117 3043 198 3122; x_wconf 93' lang='lat' dir='ltr'>ponit</span> <span class='ocrx_word' id='word_1_295' title='bbox 214 3047 377 3124; x_wconf 85' lang='lat' dir='ltr'>exemplum</span> <span class='ocrx_word' id='word_1_296' title='bbox 394 3045 546 3108; x_wconf 76' lang='lat' dir='ltr'>ciceronis</span> <span class='ocrx_word' id='word_1_297' title='bbox 569 3063 623 3126; x_wconf 91' lang='lat' dir='ltr'>pro</span> <span class='ocrx_word' id='word_1_298' title='bbox 638 3045 754 3124; x_wconf 72' lang='lat' dir='ltr'>Ligario</span> <span class='ocrx_word' id='word_1_299' title='bbox 771 3047 847 3125; x_wconf 91' lang='lat' dir='ltr'>apud</span> <span class='ocrx_word' id='word_1_300' title='bbox 863 3044 1035 3121; x_wconf 79' lang='lat' dir='ltr'>Gaesarem,</span> <span class='ocrx_word' id='word_1_301' title='bbox 1054 3043 1120 3119; x_wconf 74' lang='lat' dir='ltr'>Qui</span> 
     </span>
     <span class='ocr_line' id='line_1_35' title="bbox 117 3127 1178 3207; baseline 0.001 -19"><span class='ocrx_word' id='word_1_302' title='bbox 117 3127 193 3190; x_wconf 81' lang='lat' dir='ltr'>atttt</span> <span class='ocrx_word' id='word_1_303' title='bbox 204 3129 286 3190; x_wconf 79' lang='lat' dir='ltr'>soler</span> <span class='ocrx_word' id='word_1_304' title='bbox 299 3129 437 3192; x_wconf 78' lang='lat' dir='ltr'>obliuisci</span> <span class='ocrx_word' id='word_1_305' title='bbox 450 3132 511 3193; x_wconf 79' lang='lat' dir='ltr'>mei</span> <span class='ocrx_word' id='word_1_306' title='bbox 523 3132 673 3201; x_wconf 67' lang='lat' dir='ltr'>tatarum,-</span> <span class='ocrx_word' id='word_1_307' title='bbox 696 3140 725 3190; x_wconf 89' lang='lat' dir='ltr'>et</span> <span class='ocrx_word' id='word_1_308' title='bbox 741 3129 957 3204; x_wconf 89' lang='lat' dir='ltr'>contumeliosi,</span> <span class='ocrx_word' id='word_1_309' title='bbox 974 3128 1052 3207; x_wconf 86' lang='lat' dir='ltr'>qnod</span> <span class='ocrx_word' id='word_1_310' title='bbox 1066 3128 1178 3200; x_wconf 57' lang='lat' dir='ltr'>tlt-109</span> 
     </span>
     <span class='ocr_line' id='line_1_36' title="bbox 117 3211 1118 3294; baseline 0.005 -25"><span class='ocrx_word' id='word_1_311' title='bbox 117 3211 177 3272; x_wconf 91' lang='lat' dir='ltr'>tico</span> <span class='ocrx_word' id='word_1_312' title='bbox 192 3211 311 3289; x_wconf 90' lang='lat' dir='ltr'>scripsit</span> <span class='ocrx_word' id='word_1_313' title='bbox 325 3211 362 3273; x_wconf 90' lang='lat' dir='ltr'>de</span> <span class='ocrx_word' id='word_1_314' title='bbox 379 3212 517 3292; x_wconf 88' lang='lat' dir='ltr'>Pompeio</span> <span class='ocrx_word' id='word_1_315' title='bbox 535 3223 564 3274; x_wconf 90' lang='lat' dir='ltr'>et</span> <span class='ocrx_word' id='word_1_316' title='bbox 579 3212 723 3290; x_wconf 76' lang='lat' dir='ltr'>caesare,</span> <span class='ocrx_word' id='word_1_317' title='bbox 739 3212 861 3284; x_wconf 81' lang='lat' dir='ltr'>liabeo,</span> <span class='ocrx_word' id='word_1_318' title='bbox 877 3228 966 3290; x_wconf 79' lang='lat' dir='ltr'>quem</span> <span class='ocrx_word' id='word_1_319' title='bbox 979 3214 1118 3294; x_wconf 69' lang='lat' dir='ltr'>sapiam</span> 
     </span>
     <span class='ocr_line' id='line_1_37' title="bbox 119 3286 1119 3377; baseline 0.002 -23"><span class='ocrx_word' id='word_1_320' title='bbox 119 3308 206 3372; x_wconf 75' lang='lat' dir='ltr'>poem</span> <span class='ocrx_word' id='word_1_321' title='bbox 225 3309 358 3374; x_wconf 80' lang='lat' dir='ltr'>sequar,</span> <span class='ocrx_word' id='word_1_322' title='bbox 378 3315 438 3357; x_wconf 83' lang='lat' dir='ltr'>ooo</span> <span class='ocrx_word' id='word_1_323' title='bbox 455 3297 571 3366; x_wconf 69' lang='lat' dir='ltr'>habena</span> <span class='ocrx_word' id='word_1_324' title='bbox 589 3307 620 3358; x_wconf 88' lang='lat' dir='ltr'>et</span> <span class='ocrx_word' id='word_1_325' title='bbox 633 3298 733 3374; x_wconf 89' lang='lat' dir='ltr'>medii,</span> <span class='ocrx_word' id='word_1_326' title='bbox 762 3296 840 3376; x_wconf 84' lang='lat' dir='ltr'>quod</span> <span class='ocrx_word' id='word_1_327' title='bbox 854 3286 1119 3377; x_wconf 67' lang='grc' dir='ltr'>ἀποφθεγματικὸν</span> 
     </span>
     <span class='ocr_line' id='line_1_38' title="bbox 117 3378 1119 3460; baseline 0.006 -24"><span class='ocrx_word' id='word_1_328' title='bbox 117 3386 205 3440; x_wconf 85' lang='lat' dir='ltr'>vocat</span> <span class='ocrx_word' id='word_1_329' title='bbox 213 3387 248 3438; x_wconf 87' lang='lat' dir='ltr'>et</span> <span class='ocrx_word' id='word_1_330' title='bbox 264 3387 310 3438; x_wconf 88' lang='lat' dir='ltr'>est</span> <span class='ocrx_word' id='word_1_331' title='bbox 324 3379 375 3456; x_wconf 88' lang='lat' dir='ltr'>ite,</span> <span class='ocrx_word' id='word_1_332' title='bbox 394 3397 458 3440; x_wconf 90' lang='lat' dir='ltr'>cnm</span> <span class='ocrx_word' id='word_1_333' title='bbox 474 3378 594 3456; x_wconf 86' lang='lat' dir='ltr'>dixerit,</span> <span class='ocrx_word' id='word_1_334' title='bbox 613 3380 679 3444; x_wconf 86' lang='lat' dir='ltr'>Nee</span> <span class='ocrx_word' id='word_1_335' title='bbox 691 3399 819 3460; x_wconf 73' lang='lat' dir='ltr'>prooem</span> <span class='ocrx_word' id='word_1_336' title='bbox 833 3387 956 3442; x_wconf 83' lang='lat' dir='ltr'>mortem</span> <span class='ocrx_word' id='word_1_337' title='bbox 971 3380 1119 3443; x_wconf 82' lang='lat' dir='ltr'>accidere</span> 
     </span>
    </p>
   </div>
   <div class='ocr_carea' id='block_1_3' title="bbox 115 3447 1289 3699">
    <p class='ocr_par' dir='ltr' id='par_1_14' title="bbox 115 3423 1289 3699">
     <span class='ocr_line' id='line_1_39' title="bbox 115 3447 1289 3699; baseline 0.002 -175"><span class='ocrx_word' id='word_1_338' title='bbox 115 3461 183 3524; x_wconf 77' lang='lat' dir='ltr'>otro</span> <span class='ocrx_word' id='word_1_339' title='bbox 198 3461 274 3542; x_wconf 71' lang='lat' dir='ltr'>ford</span> <span class='ocrx_word' id='word_1_340' title='bbox 291 3479 383 3542; x_wconf 82' lang='lat' dir='ltr'>poree</span> <span class='ocrx_word' id='word_1_341' title='bbox 400 3482 459 3526; x_wconf 86' lang='lat' dir='ltr'>nec</span> <span class='ocrx_word' id='word_1_342' title='bbox 472 3465 667 3526; x_wconf 81' lang='lat' dir='ltr'>immaturam</span> <span class='ocrx_word' id='word_1_343' title='bbox 682 3465 839 3530; x_wconf 76' lang='lat' dir='ltr'>somniari</span> <span class='ocrx_word' id='word_1_344' title='bbox 854 3479 953 3544; x_wconf 78' lang='lat' dir='ltr'>neque</span> <span class='ocrx_word' id='word_1_345' title='bbox 973 3464 1118 3527; x_wconf 73' lang='lat' dir='ltr'>miseram</span> <span class='ocrx_word' id='word_1_346' title='bbox 1171 3447 1289 3699; x_wconf 52' lang='lat' dir='ltr'><em>A</em></span> 
     </span>
    </p>
   </div>
   <div class='ocr_carea' id='block_1_4' title="bbox 0 0 1300 3940">
    <p class='ocr_par' dir='ltr' id='par_1_15' title="bbox 0 0 1300 3940">
     <span class='ocr_line' id='line_1_40' title="bbox 0 0 1300 3940; baseline 0 0"><span class='ocrx_word' id='word_1_347' title='bbox 0 0 1300 3940; x_wconf 95' lang='lat' dir='ltr'> </span> 
     </span>
    </p>
   </div>
   <div class='ocr_carea' id='block_1_5' title="bbox 875 3846 1098 3906">
    <p class='ocr_par' dir='ltr' id='par_1_16' title="bbox 875 3846 1098 3906">
     <span class='ocr_line' id='line_1_41' title="bbox 875 3846 1098 3906; baseline 0 0"><span class='ocrx_word' id='word_1_348' title='bbox 875 3846 1098 3906; x_wconf 56' lang='lat' dir='ltr'>*A</span> 
     </span>
    </p>
   </div>
  </div>
 </body>
</html>
