2570 3946
361 191 451 240 rnen.
473 189 624 240 onnron.
646 191 716 239 mn.
739 189 830 257 1,10.
1059 178 1101 243 to

95 347 173 425 lyra;
204 347 285 407 cuius
308 364 372 407 cum
400 363 434 405 ae
456 345 619 424 imperitum
641 343 855 408 Themistocles
879 331 1032 408 coniessus
1054 366 1100 410 es·

96 440 158 509 set,
182 440 213 492 ut
234 429 333 491 verbis
357 426 508 490 Ciceronis
534 438 609 508 utar,
632 436 678 492 ert
698 431 821 494 labitur
842 433 1002 494 indoctior.
1044 432 1144 498 Seruo

95 525 228 578 veterum
256 531 373 593 quoque
402 513 597 575 Romanorum
626 514 721 592 epulis
750 513 822 575 iides
846 534 882 576 ac
913 515 998 576 tibias
1023 514 1101 577 adhi-

94 600 175 678 ltere¹
191 599 280 659 moris
304 597 367 658 luit.
401 596 513 658 Versus
536 613 653 678 quoque
678 599 823 660 Saliorum
844 599 952 661 habeut
975 617 1103 670 carmen,

96 683 181 759 Quae
204 700 268 744 cum
292 682 386 742 omnia
410 682 467 741 sint
489 679 509 742 a'
523 680 616 741 Numa
633 700 705 760 rege
723 684 861 759 instituta,
884 684 993 746 faciunt
1014 686 1101 746 maui-

93 769 220 844 teetum,
242 783 280 826 ne
302 764 514 844 illis'quidem,
544 767 593 843 qui
620 767 707 826 rudes
736 785 771 828 ac
801 767 937 829 bellicosi
958 767 1100 843 ridentur,

95 869 194 912 curam
215 849 352 926 musices,
372 859 506 929 quantum
522 848 573 909 illa
589 849 751 930 recipiebat
766 859 857 927 aetas,
876 850 1016 912 defuisse.
1043 850 1142 914 lle-tl

95 936 184 1015 nique
207 935 236 994 in
259 933 445 1014 proverbium
466 950 559 1012 usque
578 932 756 997 Graecorum
775 935 955 996 celebratum
970 945 1026 1013 est,
1049 933 1102 997 lc-

94 1021 202 1088 doctor
223 1037 245 1082 u
267 1016 365 1082 Musio
383 1027 476 1097 utque
494 1037 515 1078 a
533 1017 660 1080 Gratiis
671 1021 790 1082 abesse.

179 1101 289 1166 Verum
312 1101 379 1183 quid
402 1121 440 1163 ex
462 1119 497 1162 ea
520 1103 640 1181 proprie
662 1110 743 1181 petat
763 1101 875 1162 iuturus
899 1113 1014 1180 orator,
1044 1103 1145 1168 dis-aa

94 1205 236 1249 seramus.
280 1185 424 1247 Numeros
443 1186 553 1246 musice
577 1185 710 1265 duplices
729 1185 846 1246 hehet
838 1204 866 1244 ιιι
887 1187 1009 1247 vocibus
1031 1189 1083 1248 et
1074 1206 1102 1246 ιιι

95 1289 234 1352 corpore,
257 1271 407 1351 utriusque
430 1270 505 1331 enirn
526 1270 570 1331 rei
594 1279 677 1348 aptus
696 1270 812 1369 quidam
828 1269 931 1330 modus
954 1270 1101 1331 desidera·

95 1363 150 1417 tur.
187 1355 301 1417 Vocis
320 1355 462 1416 rationem
478 1353 671 1415 Aristoxenus
687 1355 813 1416 musicus
828 1351 950 1414 dividit·
941 1373 970 1414 ιιι
984 1347 1103 1436 ῥυθμὸν

93 1448 125 1501 et
146 1437 243 1539 piton,
266 1454 387 1518 quorum
409 1438 531 1499 alterum
552 1437 765 1516 modulatione,
789 1438 912 1500 alterum
934 1455 1042 1500 canore
1066 1457 1101 1502 ac

94 1523 177 1585 sonis
201 1529 325 1589 constat.
368 1519 443 1581 Nom
464 1523 553 1598 igitur
572 1538 630 1581 noo
651 1521 726 1584 haec
748 1523 842 1584 omnia
865 1525 975 1584 oratori
996 1541 1099 1584 neces·

94 1607 186 1678 saria3
210 1623 436 1686 quorumunum
458 1605 494 1666 ad
515 1613 647 1682 gestum,
671 1606 794 1667 alterum
817 1607 852 1667 ad
875 1605 1102 1667 collocationem

93 1690 269 1768 verborum,
288 1690 404 1751 tertium
421 1688 457 1750 ad
473 1687 568 1750 flexus
585 1691 678 1767 vocis,
702 1691 831 1769 quisunt
847 1691 877 1750 in
894 1691 1009 1770 agendo
1030 1707 1101 1771 quo·

95 1793 153 1855 que
176 1774 301 1854 plurimi,
324 1770 470 1853 pertinet?
513 1773 576 1834 Nisi
595 1772 671 1834 iorte
693 1774 722 1833 in
745 1772 918 1835 carminibus
943 1783 1053 1835 tantum
1074 1779 1145 1836 etue

95 1861 124 1921 in
143 1859 263 1921 canticis
281 1859 406 1936 exigitur
425 1865 570 1918 structura
587 1857 728 1936 quaedam
746 1865 776 1916 et
794 1857 935 1918 inoffensa
954 1858 1101 1936 copulatio

96 1959 212 2019 vocum,
235 1943 265 2002 in
288 1941 402 2020 agendo
421 1958 634 2021 supervacuum
651 1947 710 2010 est;
736 1948 858 2000 autnon
877 1942 1052 2020 compositio
1073 1949 1102 2000 et

95 2044 186 2088 sonus
208 2027 237 2086 in
259 2026 392 2088 oratione
415 2041 532 2105 quoque
550 2024 632 2084 varie
654 2041 708 2104 pro
727 2042 824 2085 rerum
844 2023 1103 2096 modoadhihetur

95 2111 171 2172 sicut
192 2111 221 2171 in
243 2109 363 2172 musice.
407 2107 538 2188 Namque
562 2117 592 2168 et
612 2125 688 2170 voce
712 2116 741 2170 et
763 2107 960 2172 modulatione
982 2107 1144 2187 grandiatt

95 2193 185 2272 elate,
203 2193 326 2257 iucunda
342 2193 484 2270 dulciter,
505 2194 657 2254 moderata
675 2193 781 2254 leniter
799 2195 886 2271 cauit,
903 2202 1024 2274 totaque
1039 2203 1102 2256 arte

96 2278 244 2340 consentit
278 2297 343 2340 cum
374 2295 475 2338 eorum
502 2296 578 2357 quae
600 2277 733 2340 dicuntur
755 2278 918 2341 affectibus.
963 2277 1053 2358 Atqui
1076 2279 1143 2337 inte

95 2361 206 2423 orando
230 2379 347 2441 quoque
368 2362 488 2422 intentio
510 2362 610 2438 vocis,
633 2363 784 2438 remissio,
807 2363 901 2422 flexus
918 2361 1046 2443 pertinet
1067 2361 1102 2422 ad

95 2446 257 2507 movendos
272 2445 445 2505 audientium
460 2445 593 2521 allectus,
611 2443 725 2525 aliaque
741 2455 770 2506 et
785 2446 990 2507 collocationis
1007 2455 1036 2507 et
1050 2460 1101 2506 vo·

60 2581 63 2584 .
96 2530 140 2592 cis
164 2529 212 2608 (ut
235 2528 339 2589 eodem
358 2536 423 2588 utar
443 2528 551 2609 verbo)
576 2527 774 2591 modulatione
791 2529 1015 2590 concitationem
1031 2528 1102 2588 iudi·

96 2615 150 2691 cis,
175 2612 232 2674 alia
255 2611 482 2672 misericordiam
503 2613 641 2690 petimue;
659 2631 723 2673 cum
742 2613 827 2674 etiam
847 2613 975 2690 organis,
999 2611 1103 2691 quibus

95 2714 193 2760 sermo
218 2695 339 2775 exprimi
359 2711 418 2756 non
440 2703 557 2774 potest,
583 2695 650 2756 duci
672 2697 782 2757 animos
804 2697 833 2755 in
855 2697 1000 2757 diversum
1022 2695 1101 2758 lrahi·

95 2791 155 2844 tum
174 2782 342 2844 sentiamus.
389 2777 572 2858 Corporis
593 2797 710 2860 quoque
728 2789 809 2842 actus
829 2789 858 2842 et
874 2781 983 2842 decens
996 2787 1144 2857 mutusne

96 2867 145 2946 qui
168 2865 272 2928 dicitur
294 2853 459 2946 εὐρυθμία,
491 2872 521 2925 et
543 2872 589 2924 est
615 2864 801 2926 necessarius
824 2883 881 2926 nec
903 2864 1019 2926 aliunde
1041 2865 1102 2943 peti

95 2959 206 3030 potest,
227 2951 256 3011 in
278 2965 335 3029 quo
358 2966 427 3028 pars
450 2949 572 3010 actionis
595 2965 653 3010 non
675 2949 789 3010 minima
811 2950 958 3018 consistit;
987 2946 1102 3028 quade

96 3052 130 3095 re
150 3034 299 3112 sepositus
320 3033 405 3094 nohis
428 3041 473 3093 est
495 3033 589 3094 locus.
634 3034 718 3113 Age,
744 3050 802 3094 non
825 3025 943 3096 habehit
965 3031 1143 3111 imprimistl

97 3135 196 3177 curam
221 3117 305 3178 vocis
333 3113 454 3180 oratori
497 3116 573 3192 Quid
595 3127 653 3179 tam
679 3119 806 3180 musices
828 3111 999 3218 proprium?
1043 3111 1103 3175 Sed

96 3218 134 3260 ne
156 3199 231 3261 haec
254 3200 368 3279 quidem
389 3201 599 3280 praesumenda
622 3219 690 3283 pars
711 3211 768 3264 est.
812 3201 877 3264 Uno
897 3198 1010 3262 interim
1032 3215 1101 3260 oon·

97 3285 168 3345 tenti
191 3284 281 3344 simus
304 3284 440 3384 exemplo
464 3281 497 3344 0.
521 3285 655 3363 Gracchi,
678 3287 829 3366 praecipui
852 3301 969 3347 suorum
990 3291 1101 3362 tempo·

96 3384 159 3430 rum
180 3369 323 3446 oratoris,
347 3368 393 3429 oui
416 3369 592 3430 contionanti
618 3371 782 3433 consistens
804 3378 872 3449 poet
890 3387 955 3430 eum
975 3367 1101 3428 musicus

96 3450 209 3531 fistula,
232 3470 316 3531 quarn
338 3454 479 3516 marion
501 3462 624 3534 vocant,
646 3455 767 3531 modos,
790 3453 894 3531 quibus
917 3452 1070 3600 peieret
1061 3469 1102 3512 ιιι·

138 3555 168 3597 ιι.
188 3557 213 3596 r.
237 3556 351 3608 curum.
