2608 3948
401 227 841 299 rrsr.oanroa.nm.1v,a.
1066 219 1126 285 183

121 391 241 474 'quidem
254 397 350 450 nattam
365 386 401 448 ab
418 389 612 448 ostentatione
627 384 833 447 declamatoria
847 387 903 446 ianr
917 387 946 446 in
959 385 1054 448 lorum
1073 405 1126 451 re·
1187 383 1190 387 ’

126 479 177 552 nit,
199 482 352 554 postquam
368 486 458 550 agere
474 487 576 532 causas
590 485 649 530 non
664 469 700 530 ad
714 469 865 530 utilitatem
881 467 1057 548 litigatorum
1072 471 1127 534 sed

125 560 161 620 ad
177 567 363 637 patronorum
377 557 561 616 iactationem
581 563 730 632 repertum
745 561 803 622 est;
820 571 872 629 ne,
891 555 916 612 si
934 571 1056 633 pressae
1072 555 1126 634 illi,

124 642 219 722 qualis
242 641 358 719 saepius
379 637 576 714 desideratur,
602 639 772 697 narrationis
798 635 953 715 gracilitati
970 641 1127 700 coniuncta

11 791 12 798 χ
123 733 359 804 argumentorum
379 723 549 801 pugnacitas
563 721 671 798 luerit,
695 719 790 780 dilatis
809 720 924 800 diutius,
937 721 1052 783 dicendi
1074 739 1126 784 vo·

11 801 13 852 ³
125 808 283 888 luptatibus
305 807 397 866 oratio
417 806 601 884 reirigescat.
635 804 668 865 ln
689 821 746 883 quo
761 803 860 866 vitium
873 804 945 865 illud
964 816 1025 883 est,
1047 807 1156 886 quode

125 895 189 952 sine
205 891 367 952 discrimine
383 905 534 950 causarum
555 897 642 968 atquc
655 889 786 948 utilitatis
801 887 875 964 boo,
896 895 1030 968 tanquam
1051 907 1125 950 sem-

125 993 180 1055 per
195 974 332 1054 expediat
350 982 398 1034 aut
419 975 504 1034 etiam
521 974 712 1047 accessesit,
736 971 857 1040 iaciunt;
879 989 975 1052 eoque
999 983 1127 1052 sumptas

124 1079 164 1119 er
178 1059 222 1119 his
236 1057 383 1137 partibus,
401 1074 521 1137 qnamm
535 1057 608 1118 alius
627 1065 689 1116 erat
704 1056 805 1130 locus,
830 1059 988 1116 sententias
1010 1057 1039 1117 ln
1053 1057 1129 1118 banc

126 1150 296 1220 congerant,
314 1149 345 1200 ut
359 1141 481 1220 plurima
496 1149 543 1200 aut
558 1143 662 1201 iterum
672 1138 794 1198 dicenda
807 1141 863 1199 sint
875 1148 933 1214 aut,
953 1142 1019 1219 quia
1030 1141 1126 1201 alieno

124 1225 192 1292 loco
212 1226 288 1286 dicta
305 1233 385 1301 sant,
407 1224 465 1284 dici
480 1241 534 1284 suo
549 1239 608 1284 non
623 1223 746 1302 possint.
782 1219 848 1299 ligo
863 1229 959 1282 autem
975 1223 1157 1303 conliteor,4

124 1309 182 1370 hoc
204 1307 368 1388 expatiandi
388 1323 482 1384 genus
501 1324 559 1366 non
579 1309 665 1370 modo
686 1307 844 1365 narrationi
866 1305 1021 1366 sedetiam
1040 1323 1127 1385 quae-

124 1391 278 1468 stionibus,
293 1391 342 1451 vel
357 1393 499 1451 universis
514 1389 563 1452 vel
577 1393 690 1451 interim
702 1390 835 1467 singulis,
853 1398 1017 1469 opportune
1038 1406 1128 1469 posse

125 1476 271 1552 subiungi,
288 1493 352 1534 cum
372 1491 421 1534 res
436 1473 565 1553 postulat
579 1484 627 1534 aut
643 1483 723 1534 certe
738 1472 893 1554 permittit,
916 1481 1004 1552 atque
1027 1490 1063 1535 eo
1079 1475 1128 1535 vel

123 1563 247 1620 maxime
267 1557 406 1619 illustrari
428 1559 583 1637 ornarique
605 1559 779 1626 orationem
809 1556 862 1617 sed
887 1558 912 1616 si
937 1557 1077 1618 cobaeret
1099 1568 1128 1620 et

124 1643 271 1722 sequitur,
293 1659 351 1701 non
377 1644 402 1702 si
423 1659 476 1720 per
501 1643 558 1702 vim
578 1650 717 1703 cuneatur
739 1651 784 1718 et,
813 1659 888 1720 quae
908 1651 1009 1701 natura
1031 1645 1127 1702 iuncta

125 1737 223 1802 erant,
241 1725 381 1787 distrahit.
416 1724 494 1786 Nihil
511 1727 585 1786 enim
599 1734 656 1785 tarn
672 1733 716 1785 est
732 1741 916 1802 consequens
931 1741 1016 1803 qaam
1028 1735 1156 1786 narra-5

124 1812 196 1870 tioni
209 1809 360 1888 probatio,
386 1811 441 1869 nisi
464 1826 604 1870 excursus
626 1809 679 1870 ille
704 1809 753 1868 vel
774 1811 855 1886 quasi
876 1807 940 1867 linis
955 1810 1126 1868 narrationis

124 1893 174 1954 rel
190 1894 272 1972 quasi
286 1893 395 1953 initium
410 1891 592 1970 probationis
610 1901 665 1952 est.
701 1891 766 1954 Erit
782 1909 853 1968 ergo
867 1889 911 1951 illi
925 1908 1127 1971 nonnunquam

125 1977 219 2055 locus,
236 1985 277 2052 ut,
293 1977 319 2036 ei
334 1977 480 2055 expositio
499 1977 576 2036 eirca
592 1976 678 2036 linem
692 1984 777 2036 atrox
793 1975 894 2051 inerit,
917 1992 1129 2056 prosequamur

125 2079 188 2122 eam
208 2059 289 2120 velut
313 2069 482 2139 erumpente
495 2097 497 2104 ,
509 2060 640 2139 protinus
661 2059 869 2137 indignatione.
918 2057 1004 2133 Quod
1031 2069 1156 2126 tamena

122 2145 162 2205 ita
178 2143 241 2204 lieri
256 2143 418 2224 oportebit,
441 2145 467 2204 si
485 2161 534 2203 res
550 2143 756 2204 dubitationem
770 2161 828 2204 non
842 2141 970 2204 babebit.
1006 2142 1127 2222 Alioqui

124 2231 203 2308 prius
220 2237 275 2305 est,
298 2229 376 2306 quod
392 2227 529 2303 obiicias,
545 2245 647 2288 verum
659 2227 780 2288 allicere
796 2244 881 2307 qaam
895 2245 1043 2304 magnum,
1060 2229 1127 2307 quia

125 2311 273 2372 criminum
294 2310 399 2372 invidia
420 2329 474 2390 pro
496 2327 549 2371 reo
571 2321 633 2388 est,
656 2314 823 2390 priusquam
843 2309 1029 2389 probabitur;
1052 2309 1126 2371 dilli-

124 2392 231 2454 oillima
251 2403 297 2454 est
330 2395 405 2453 enirn
426 2395 588 2472 gravissimi
615 2397 755 2473 cuiusque
778 2394 902 2454 sceleris
924 2393 1006 2453 lldcs.
1049 2392 1157 2455 ldeml

125 2475 188 2537 lieri
202 2491 260 2536 non
276 2475 415 2537 inutiliter
429 2485 544 2556 potest,
558 2486 606 2552 ut,
621 2479 645 2536 si
659 2478 761 2537 merita
775 2478 805 2536 in
819 2475 1016 2561 adversarium
1031 2475 1127 2554 aliqua

125 2561 316 2639 exposueris,
338 2561 367 2618 in
381 2562 523 2637 ingratum
536 2560 699 2631 inveharis;
722 2569 787 2634 aut,
803 2560 828 2618 si
844 2561 1021 2642 varietatem·
1034 2560 1126 2619 orimi-

123 2659 191 2703 num
217 2645 381 2704 narratione
402 2645 663 2720 demonstraveris,
690 2651 826 2724 quantum
846 2641 884 2702 ob
906 2659 941 2702 ea
962 2641 1125 2720 periculum

123 2727 294 2804 intentetur,
322 2727 468 2787 ostendas.
513 2727 620 2788 Verum
640 2727 714 2788 haec
738 2723 868 2786 breuiter
891 2727 994 2787 omnia.
1035 2723 1157 2790 ludere

123 2813 215 2889 enim,
243 2811 344 2872 ordine
362 2809 478 2888 audito,
501 2811 618 2872 festinat
644 2807 903 2890 adprobationem
927 2818 957 2871 et
983 2811 1126 2889 quampri-

124 2911 199 2954 mum
215 2903 313 2957 certus
330 2907 397 2956 esse
414 2897 576 2956 sententiae
593 2895 681 2974 cupit.
717 2893 875 2956 Ptaeterea
892 2895 1051 2956 cavendnm
1069 2903 1125 2970 est,

124 2995 162 3038 ne
177 2981 241 3056 ipsa
256 2979 402 3060 expositio
417 2983 571 3055 vanescat,
598 2979 710 3039 aversis
730 2979 759 3039 in
781 2978 859 3040 aliud
882 2979 983 3041 animis
1005 2985 1034 3037 et
1050 2977 1127 3037 inani

119 3077 204 3122 mora
222 3061 360 3140 fatigatis.
495 3103 498 3107 -

209 3145 269 3205 Sed
279 3148 310 3205 at
325 3159 382 3205 non
397 3160 514 3227 semper
534 3156 580 3208 est
594 3145 763 3207 necessaria
782 3152 852 3225 post
866 3145 1060 3206 narrationem
1076 3129 1157 3206 titas

123 3229 289 3310 procursio,
305 3229 344 3290 ita
362 3227 532 3310 irequenter
547 3227 625 3292 utilis
636 3237 703 3291 ante
716 3231 917 3313 quaestionem
927 3225 1125 3305 praeparatio,

121 3313 223 3391 utique
239 3313 265 3370 si
283 3313 373 3390 prina
388 3314 490 3392 specie
505 3315 596 3374 minus
617 3315 672 3375 erit
689 3311 870 3389 favorabilis,
885 3313 912 3372 ai
926 3309 1024 3388 legera
1040 3326 1125 3389 aspe-

122 3411 184 3456 ram
204 3410 241 3457 ac
264 3397 419 3476 poenarias
443 3399 576 3458 actiones
597 3395 749 3459 tuebimur.
794 3393 848 3457 llst
868 3393 915 3456 hic
938 3395 1023 3455 locus
1044 3392 1127 3456 velut
1292 3423 1293 3450 t

122 3482 272 3560 sequentis
297 3479 410 3542 exordii
431 3483 467 3542 ad
492 3481 701 3544 conciliandum
720 3477 940 3560 probationibus
958 3477 1068 3538 uostris
1083 3479 1126 3538 itr-
1177 3453 1293 3664 A
