2570 3946
375 213 465 282 unsa.
480 233 630 282 onnnon.
644 235 713 282 nm.
726 235 747 300 1,
758 230 786 285 a.
1046 205 1087 285 '33

84 395 145 456 bac
163 395 254 456 domo
274 389 427 450 dicendum
449 390 542 449 sitan
569 389 629 450 boc
651 389 740 451 domo
759 397 789 448 et
812 389 954 452 dommum
977 407 1011 448 an
1031 391 1087 453 do-

84 495 217 540 morum:
240 475 344 536 similia
369 475 426 532 sint
447 475 570 550 domus,
592 491 688 549 acne,
716 492 836 535 monce.
876 473 976 534 Demi
984 477 1112 540 nutioa

83 579 176 639 genus
197 559 284 620 modo
308 559 436 634 detegit,
460 566 508 632 et,
534 573 571 617 ue
592 557 628 618 ab
653 556 758 617 ecdem
779 557 917 636 exemplo
938 554 1086 636 recedam,

82 647 186 726 sanem
200 643 388 704 masculinum
403 657 470 700 esse
479 642 640 720 funiculus
653 641 789 722 ostendit.
820 639 930 702 Eadem
945 643 974 701 in
989 642 1113 708 verbist

85 746 202 808 quoque
231 727 305 786 ratio
333 727 574 802 comparationis,
604 734 651 801 ut,
677 727 701 785 si
725 728 789 803 quis
812 728 945 804 antiquos
968 735 1087 787 secutus

81 816 207 893 fervere
227 810 310 870 brevi
337 808 430 869 media
456 809 569 894 syllaba
597 808 688 885 dicat,
720 809 956 889 deprehendatur
981 813 1087 870 vitiose

85 898 182 974 loqui,
207 895 284 974 quod
302 895 414 969 omnia,
439 911 513 974 quae
535 913 552 954 e
573 902 603 952 et
624 913 641 954 o
665 894 769 954 litteris
792 894 899 955 latendi
920 894 1006 955 mado
1029 903 1086 954 ter·

84 983 240 1054 minantur,
268 977 386 1052 eadem,
416 979 440 1036 si
462 979 577 1037 infinitis
600 996 618 1037 e
640 978 765 1042 litteram
786 979 879 1039 media
904 978 1018 1055 syllaba
1039 997 1086 1038 ac·

85 1061 236 1144 ceperunt,
253 1064 352 1140 utique
365 1061 535 1140 productam
547 1060 668 1122 babent:
681 1064 835 1141 prandeo,
848 1065 980 1143 pendeo,
996 1081 1086 1142 spon·

85 1151 158 1226 dec,
190 1148 363 1226 prandere,
391 1147 547 1226 pendere,
578 1147 741 1224 spondere.
785 1145 823 1205 At
850 1164 925 1225 quae
952 1145 1111 1211 o'solamti

83 1232 206 1307 babent,
235 1230 386 1290 dummodo
414 1247 468 1308 per
490 1225 611 1290 eandem
635 1229 759 1290 litteram
785 1231 812 1288 in
835 1229 945 1290 infinito
969 1241 1085 1308 exeant,

83 1309 184 1376 brevia
202 1316 285 1375 liunt:
308 1315 390 1392 depo,
413 1316 500 1388 dico,
521 1332 632 1392 carro,
652 1315 770 1392 tepere,
794 1315 917 1391 dicere,
938 1333 1087 1385 currere,-

84 1402 195 1460 etiamsi
225 1406 270 1461 est
298 1397 373 1476 apud
395 1397 535 1458 Lucilium
556 1395 660 1460 Fervit
686 1412 769 1476 aqna
796 1407 825 1458 el
850 1399 965 1477 fervet,
993 1400 1088 1478 feroit

82 1503 166 1544 ncnc
186 1485 285 1562 fervet
303 1483 348 1543 od
367 1500 491 1544 omnum.
526 1481 601 1564 Sed,
624 1499 698 1560 pace
724 1482 823 1542 dicere
844 1481 966 1543 bominis
990 1483 1110 1546 erudi-9

84 1569 186 1627 tissimi
205 1565 301 1642 liceat,
321 1566 346 1624 si
360 1565 454 1644 feroit
471 1573 552 1644 putat
569 1565 611 1625 illi
627 1565 719 1626 simile
737 1568 836 1628 curra
852 1575 881 1627 et
895 1569 984 1646 lepit:
997 1569 1086 1648 ser-co

84 1651 163 1711 dicet
182 1658 212 1710 ut
233 1652 300 1729 depo
316 1657 344 1708 et
363 1667 467 1726 curro,
488 1649 566 1728 quod
582 1649 665 1709 nobis
684 1650 839 1710 inauditum
861 1659 915 1711 est.
950 1651 1086 1712 sednon

84 1745 131 1796 est
151 1735 226 1794 baec
246 1753 317 1795 vcra
336 1735 528 1812 comparatio;
552 1751 616 1794 nam
629 1735 724 1812 servit
740 1744 784 1794 est
805 1733 847 1795 illi
865 1735 958 1796 simile
979 1738 1084 1812 servit,

83 1837 168 1899 qnam
187 1821 406 1898 proportionem
428 1820 563 1896 sequenti
582 1819 683 1879 dicere
704 1834 829 1878 neeesse
853 1829 898 1879 est
916 1822 1034 1899 sereire
1055 1827 1086 1880 ut

81 1905 211 1966 sarcire.
244 1903 335 1963 Prima
356 1917 473 1980 quoque
495 1902 649 1981 aliquando
671 1903 779 1980 positio
800 1921 839 1962 ex
860 1902 985 1982 obliquis
1005 1906 1128 1965 inre-10

82 1991 175 2063 nitur,
196 1995 226 2045 ut
246 1988 384 2046 memoria
401 1993 506 2064 repeto
529 1987 680 2045 convictos
701 2005 717 2046 a
736 2004 798 2064 me,
822 1988 871 2064 qui
889 1986 1085 2066 reprehende·

82 2081 162 2148 rant,
185 2071 262 2149 quod
284 2071 341 2131 lmc
360 2069 452 2130 verbo
471 2087 540 2130 usus
557 2086 669 2147 essem,
689 2071 816 2150 pepipc',·
836 2088 901 2131 nam
921 2071 950 2131 id
972 2072 1086 2151 quidem

82 2156 192 2217 dixisse
211 2171 336 2214 summos
357 2164 492 2215 auctores
515 2154 741 2231 confitebantur,
763 2158 904 2216 rationem
922 2165 1015 2216 tamen
1035 2174 1084 2215 ne·
1150 2191 1154 2200 ·

82 2239 191 2317 gabant
205 2241 384 2318 permittere,
402 2241 468 2318 quia
484 2241 574 2317 prima
589 2241 697 2318 positio
710 2241 868 2319 paciscor,
885 2258 950 2300 cum
964 2237 1086 2301 baberet

82 2332 212 2383 naturam
237 2323 382 2402 patiendi,
410 2324 522 2384 iaceret
543 2332 676 2402 tempore
698 2326 857 2404 praeterito
877 2332 989 2400 pacton
1008 2343 1084 2387 eom.

82 2407 144 2467 Nos
164 2414 281 2484 praeter
300 2409 502 2468 auctoritatem
519 2415 666 2467 oratorum
685 2417 773 2487 atque
793 2408 997 2468 historicorum
1020 2416 1127 2468 ana-ll

81 2491 163 2568 logia
184 2505 299 2567 quoque
321 2490 427 2550 dictum
449 2491 506 2552 hoc
521 2490 679 2551 tuebamur.
717 2490 789 2551 Nam
805 2511 869 2552 cum
889 2493 919 2550 in
935 2489 1086 2551 Xlltabu-

82 2575 118 2636 lis
136 2573 302 2652 legeremus
320 2575 354 2634 ai
374 2577 418 2635 ito
434 2584 572 2654 papante
592 2575 808 2636 inveniebamus
830 2574 924 2634 simile
945 2574 1013 2634 huic
1034 2592 1086 2634 ca·

82 2661 171 2733 dont,
187 2657 254 2717 inde
270 2659 362 2736 prima
377 2659 495 2736 positio,
512 2659 623 2718 etiamsi
636 2667 783 2720 vetustate
800 2657 981 2734 exoleverat,
996 2674 1086 2740 appa·

80 2742 166 2804 rebat
184 2761 267 2822 pepo
287 2750 318 2801 nt
338 2743 436 2819 codo,
457 2741 532 2802 unde
551 2757 609 2800 non
630 2750 693 2803 erat
712 2742 827 2802 dubium
848 2743 891 2802 sic
910 2743 1015 2824 pepipi
1032 2759 1086 2801 nos

81 2827 182 2887 dicere
197 2834 227 2885 ut
243 2827 353 2889 cecidi.
388 2827 446 2886 Sed
461 2824 673 2886 meminerimus
688 2842 745 2887 non
759 2844 814 2906 per
830 2827 924 2886 omnia
939 2825 1005 2887 duci
1020 2829 1128 2888 ana-12

81 2911 181 2988 logiae
206 2923 296 2990 posse
317 2910 474 2987 rationem,
505 2928 568 2971 cum
590 2917 619 2970 et
640 2910 695 2971 sibi
720 2912 784 2990 ipsa
810 2911 939 2990 plurimis
961 2912 990 2970 in
1011 2912 1085 2972 locis

12 3019 13 3024 ¹
80 3005 236 3072 repugnet.
272 2995 420 3069 Quaedam
440 2997 503 3056 sine
524 2993 611 3055 dubio
629 3005 768 3056 conantur
790 2996 893 3057 eruditi
915 2995 1085 3070 defendere,

82 3088 132 3152 ut,
155 3097 219 3137 oum
240 3079 453 3156 deprehensum
468 3090 529 3156 est,
552 3080 641 3158 lepos
659 3089 687 3140 et
703 3082 795 3160 topos
815 3079 918 3140 similia
940 3081 1086 3158 positione

82 3169 220 3240 quantum
232 3160 346 3238 casibus
360 3167 546 3242 numerisque
564 3163 749 3225 dissentiant:
768 3161 807 3225 ita
822 3162 1011 3243 respondent,
1028 3177 1086 3221 non
1131 3187 1134 3192 ·

81 3262 153 3306 esse
174 3247 273 3324 paria,
304 3248 371 3324 quia
394 3249 481 3326 lepus
503 3249 668 3326 epicoenon
689 3250 741 3325 sit,
771 3250 862 3328 tapam
882 3244 1084 3312 masculinum:

81 3345 245 3410 quanquam
257 3328 352 3389 Varro
369 3331 397 3390 in
413 3348 449 3391 eo
465 3330 557 3407 libro,
572 3348 638 3410 quo
657 3333 735 3392 initia
746 3331 893 3391 Romanae
908 3329 988 3390 urbis
1003 3347 1085 3390 enar-

80 3423 142 3491 rat,
165 3415 270 3494 lnpum
287 3415 434 3493 seminam
454 3415 523 3476 dicit
543 3414 664 3474 Ennium
682 3415 884 3492 Pictoremque
898 3411 1019 3474 Fabium
1038 3432 1085 3474 se·
1112 3455 1118 3466 .

82 3507 176 3560 cutus.
209 3497 254 3559 lllt
269 3507 364 3559 autem
385 3499 486 3576 iidem,
510 3517 573 3558 curn
594 3501 825 3577 interrogantur,
849 3517 900 3558 cnr
920 3516 999 3578 oper
1014 3499 1087 3578 apri
1096 3505 1127 3558 1³

124 3603 316 3652 u.s.9urnr1n.
901 3582 919 3642 3
