2570 3946
154 223 191 270 ιι.
206 221 285 268 rau.
303 181 524 280 curunmmru
541 217 632 267 man.
647 217 797 266 cernon.
813 218 1031 268 rnoourrruu.
1075 206 1095 268 3

77 348 142 457 'qui
163 383 254 437 artem
270 373 372 436 orandi
392 371 498 434 littoris
517 371 712 448 tradiderunt,
732 373 772 433 ita
793 375 992 448 conterenti,
1013 375 1096 452 qnasi

93 459 233 540 perfectis
250 459 325 520 omni
339 456 398 518 alio
413 474 526 534 genere
545 456 697 520 doctrinae
717 473 854 517 summam
873 456 939 517 inde
954 457 1095 536 eloquen-

93 545 150 605 tiae
166 561 279 604 manum
297 543 495 619 imponerent;
518 542 581 601 sive
602 547 822 602 contemnentes
840 549 974 621 tanquam
994 558 1095 620 parva,

92 644 167 706 quae
182 629 263 706 prius
278 626 425 699 discimus,
442 623 552 693 studia;
570 626 635 686 sive
647 641 706 684 non
721 625 757 686 ad
770 642 853 686 suurn
867 627 1016 704 pertinere
1032 626 1095 686 ciii·

93 714 167 772 cium
181 710 302 790 opinati,
318 707 434 786 quando
448 707 559 768 divisae
573 710 788 786 professionum
801 711 884 770 vices
899 719 1013 775 essent:
1029 727 1094 786 seu,

92 794 171 873 quod
185 794 348 872 proximum
362 805 453 868 vero,
469 791 575 853 nullam
588 794 698 870 ingenii
711 802 865 873 sperantes
880 795 1002 872 qratiam
1017 795 1096 854 circa

91 895 141 939 res
156 877 268 938 etiamsi
284 877 467 937 necessarias
478 877 583 954 procul
596 885 692 936 tamen
708 877 744 936 ab
758 879 954 938 ostentatione
968 879 1094 956 positam

91 969 123 1021 ut
138 977 259 1039 operum
274 959 390 1036 fastigia
404 967 588 1038 spectantur,
605 961 696 1021 latent
713 962 905 1022 fundamenta.
937 960 1016 1039 Ego,
1032 975 1123 1027 cumt

92 1045 253 1106 existimem
275 1043 345 1105 niiril
367 1045 421 1103 arti
448 1045 594 1106 oratoriae
617 1044 758 1120 alienum,
786 1047 849 1105 sine
872 1061 931 1124 quo
953 1045 1017 1106 deri
1037 1061 1096 1104 nou

91 1145 182 1208 posse
199 1136 345 1190 oratorem
360 1127 506 1188 fatendum
521 1136 583 1202 est,
605 1145 662 1188 noc
676 1128 712 1190 ad
726 1127 813 1190 uilius
829 1131 873 1189 rei
890 1143 1026 1189 summam
1039 1130 1095 1188 nisi

91 1211 334 1291 praecedentibus
353 1211 440 1272 initiis
458 1212 618 1289 perveniri:
640 1211 677 1272 ad
691 1214 802 1272 minora
820 1210 872 1271 illa
887 1212 957 1287 sed,
979 1230 1054 1290 quae
1069 1213 1095 1272 si

91 1296 241 1375 negligas,
264 1312 323 1356 non
345 1296 383 1354 eit
401 1294 557 1357 maioribus
577 1294 677 1372 locus,
699 1295 852 1356 demittere
869 1313 915 1355 me
933 1311 991 1355 non
1010 1313 1094 1356 recu·

91 1377 178 1448 sabo;
207 1394 264 1440 nec
283 1379 383 1454 aliter,
412 1396 496 1457 quam
517 1381 542 1438 si
561 1378 629 1439 miiri
646 1378 776 1441 tradatur
795 1379 960 1441 educandus
982 1388 1093 1456 orator,

90 1463 184 1525 studia
199 1464 261 1523 eius
279 1463 405 1522 formare
420 1461 456 1522 ab
472 1463 590 1523 infautia
604 1463 749 1542 incipiam.
787 1462 872 1538 Quod
891 1480 981 1542 opus,
1000 1462 1123 1529 dier-6

92 1545 193 1607 celle
220 1544 385 1621 Victori,
416 1544 471 1604 tibi
494 1545 639 1621 dicamus,
657 1533 771 1625 quem,
803 1565 866 1608 cum
891 1547 1095 1608 amicissimum

89 1627 175 1690 nobis
195 1638 255 1689 tum
269 1629 375 1688 eximio
397 1628 556 1690 litterarum
575 1643 673 1691 amore
688 1631 874 1709 flagrantem,
892 1647 950 1691 non
971 1640 1095 1710 propter
1184 1631 1188 1639 '

88 1713 164 1774 haec
177 1713 264 1774 modo
281 1712 459 1791 (quanquam
474 1713 530 1772 sint
540 1717 668 1795 magna)
685 1715 882 1793 dignissimum
901 1715 959 1776 hoc
978 1723 1095 1776 mutuae

89 1799 236 1858 internos
258 1797 386 1856 caritatis
403 1797 528 1874 pignore
543 1797 752 1868 iudicabamus;
771 1799 824 1860 aed
840 1799 918 1879 quod
935 1798 1093 1860 erudiendo

90 1877 183 1942 Getae
202 1888 269 1956 tuo,
292 1881 373 1940 cuius
394 1881 485 1958 prima
505 1889 587 1942 aetas
602 1883 786 1943 manifestum
800 1885 855 1942 iam
870 1883 978 1958 ingenii
998 1881 1095 1942 lumen

89 1963 234 2039 ostendit,
257 1977 316 2023 non
338 1963 454 2035 inutiles
476 1965 541 2024 fore
564 1963 631 2024 libri
651 1963 839 2040 videbantur,
865 1981 940 2044 quos
963 1963 999 2025 ab
1021 1967 1094 2044 ipsis

88 2047 221 2108 discendi
240 2046 324 2108 reiut
343 2046 542 2125 incunabulis,
565 2066 620 2126 per
641 2066 758 2126 omncs,
781 2066 857 2127 quac
878 2048 965 2110 modo
985 2049 1094 2128 aliquid

88 2133 199 2192 oratori
220 2131 316 2194 futuro
332 2133 501 2208 conferant,
521 2140 600 2192 artes
620 2135 656 2196 ad
676 2151 812 2194 summam
833 2133 895 2194 eius
912 2134 1011 2212 operis
1026 2151 1093 2212 per·

88 2213 199 2276 ducere
218 2215 446 2286 destinabamus;
472 2225 560 2296 utque
580 2234 617 2278 ec
640 2221 748 2297 magis,
779 2219 858 2296 quod
879 2217 936 2278 duo
960 2219 1016 2277 iam
1038 2216 1121 2276 subt

88 2301 203 2360 nornine
224 2317 290 2363 meo
314 2299 383 2362 libri
403 2299 573 2362 ferebantur
593 2303 663 2364 artis
684 2301 850 2362 rhetoricae
870 2318 967 2380 neque
988 2300 1057 2360 editi
1077 2319 1093 2362 u

87 2384 364 2529 dlidnnequffailol'lttlm
378 2387 556 2529 οοιιιριιιιῑξί)
579 2384 710 2531 Νιᾶιιιῃιο
728 2385 867 2530 &gruum
889 2400 1024 2445 sermone
1039 2401 1093 2526 pgr
1154 2393 1160 2404 '

88 2485 212 2612 alterffi
226 2487 441 2628 plulrr'huspdlaenrt:
450 2485 870 2632 ἱ(ἰίιιιῑιιιιιιεῗβιιιιιιιιι)ιτιῗιῗιβιιοῑῖιιιῖο,
882 2485 1091 2629 οἰῗιξὲξιῖίηροῖ

88 2643 218 2711 tuerant,
235 2635 444 2714 interceptum,
462 2633 531 2695 boni
546 2637 667 2698 iuvenes
684 2637 737 2696 sed
752 2637 867 2696 nimium
882 2641 1010 2694 amantes
1023 2633 1091 2710 mei,

89 2720 244 2781 temerario
260 2717 395 2779 editionis
410 2717 522 2778 honore
533 2719 733 2796 vulgaverant.
761 2716 858 2792 Quare
873 2719 902 2777 in
915 2717 959 2778 iris
975 2724 1121 2796 quoqnett

88 2802 172 2864 iibris
196 2811 281 2863 erunt
302 2803 403 2864 eadem
425 2802 539 2880 aliqua,
566 2801 655 2863 multa
676 2811 801 2879 mutata,
825 2801 948 2880 piurima
967 2803 1091 2879 adiecta,

90 2889 184 2948 onmia
196 2903 269 2947 vero
285 2888 493 2968 compositiora
507 2895 554 2962 et,
578 2902 725 2965 mannos
740 2888 915 2967 poterimus,
933 2884 1091 2946 elaborata.

173 2969 327 3032 Oratorem
342 2979 437 3032 autem
457 2971 629 3031 instituimus
651 2971 733 3030 illum
755 2971 935 3050 perfectum,
959 2971 1008 3049 qni
1023 2977 1119 3032 esses

89 3055 145 3113 nisi
164 3056 210 3113 vir
232 3054 326 3115 bonus
342 3072 401 3115 non
423 3063 537 3133 potest;
562 3054 689 3133 ideoque
710 3071 767 3115 non
789 3054 904 3116 dicendi
923 3053 1009 3114 modo
1031 3054 1092 3112 exi·

89 3138 222 3196 miamin
245 3155 282 3198 eo
305 3137 477 3218 fucultatem¹
492 3138 545 3199 sed
567 3155 668 3198 omnes
689 3139 773 3199 animi
794 3141 918 3199 virtutes
939 3138 1090 3213 exigimus.

88 3217 194 3298 Neque
213 3223 287 3280 enim
307 3222 365 3281 hoc
378 3223 591 3298 concesserim,
613 3225 755 3283 rationem
774 3231 876 3284 rectae
890 3221 1135 3298 honestaequclo

89 3306 167 3364 vitae
193 3303 241 3382 (ut
264 3304 377 3382 quidam
400 3308 587 3386 putaverunt)
610 3306 646 3366 ad
671 3305 864 3385 philosophos
890 3303 1093 3381 relegandam

91 3405 156 3448 cum
174 3388 219 3448 vir
237 3386 288 3448 ille
302 3405 374 3447 uere
392 3388 486 3448 civilis
502 3398 532 3448 et
550 3389 730 3468 publicarum
745 3391 979 3469 privatarumque
996 3405 1092 3447 rerum

90 3473 327 3534 administrationi
349 3472 600 3550 accommodatus,
630 3475 679 3552 qui
701 3491 810 3551 regere
838 3470 968 3614 confidis
991 3469 1091 3549 urbes,
