2592 3940
375 229 465 303 msa.
490 227 639 278 emron.
661 228 731 276 nm.
754 227 806 294 v1,
825 223 851 276 4.
1055 211 1118 274 285

110 385 153 446 rls
175 385 204 444 iu
225 393 374 463 posterum
391 384 456 462 spei
483 399 542 442 uon
563 390 626 442 erat
646 381 730 441 ratio.
767 379 865 456 Idem,
892 398 955 440 cum
978 381 1147 448 offensane

13 468 54 548 uer
109 475 275 545 vereretur,
291 469 317 529 si
336 467 504 544 obiurgaret
521 465 622 545 populi
638 465 790 542 segnitiam
806 466 836 524 in
855 465 1012 525 asserenda
1030 464 1135 525 liber·x

13 554 54 633 ³¹·
110 561 171 615 tate
189 553 233 611 rei
251 551 403 630 publicae,
426 551 565 610 maiorum
579 548 666 609 laude
682 549 723 608 uti
739 547 854 623 maluit,
878 549 927 626 qui
948 567 1010 608 rem
1023 548 1117 628 publi-

48 649 52 659 ·
111 652 176 696 cam
191 635 350 695 fortissime
366 634 623 694 administrassent.
654 630 727 691 Nam
743 640 772 691 et
786 630 889 692 faciles
905 631 1004 692 babuit
1020 650 1118 709 aures,

30 789 33 802 Ι
111 728 143 780 et
157 727 258 782 natura
280 716 473 798 sequebatur,
494 725 526 776 ιιι
546 715 668 776 meliora
689 714 847 793 probantes
869 717 1002 793 peiorum
1017 718 1118 794 poeni·

110 811 198 863 teret.
242 799 394 862 Ciceronis
417 799 533 878 quidem
562 799 611 860 vel
636 815 692 858 una
717 816 772 877 pro
800 796 935 860 Glueutio
962 800 1148 878 quamlibet9

109 885 208 946 multis
225 885 368 964 exemplis
381 883 507 944 sulliciet
525 884 628 944 oratio.
666 879 738 942 Nam
764 882 841 962 quod
862 885 891 944 in
911 899 949 943 eo
967 883 1120 944 consilium

109 971 234 1030 maxime
249 965 357 1029 mirer?
380 969 537 1046 primamne
556 967 784 1046 expositionem,
802 984 858 1050 qua
873 969 972 1042 matri,
989 968 1070 1028 cuius
1086 967 1118 1026 u·
1148 1039 1151 1044 ,

42 1068 46 1080 ·
110 1054 181 1114 lium
199 1052 352 1131 premebat
375 1053 550 1128 auctoritas,
575 1049 694 1112 absumit
714 1047 821 1109 iidem?
842 1067 896 1125 an,
921 1051 998 1128 quod
1021 1052 1119 1112 iudicii

13 1145 17 1185 ι
111 1137 243 1214 corrupti
265 1136 373 1196 crimen
393 1135 553 1195 transferre
574 1135 603 1192 in
623 1132 820 1192 adversarium
842 1132 942 1193 maluit
963 1151 1048 1212 quam
1068 1153 1119 1194 ne·

13 1213 15 1269 l
38 1239 53 1278 «γ
110 1237 185 1297 gare
199 1227 322 1298 propter
339 1222 544 1294 inveteratam,
560 1225 592 1276 ιιι
608 1219 674 1294 ipse
693 1216 772 1292 dicit,
792 1213 956 1277 infamiam?
972 1235 1023 1293 an,
1041 1218 1119 1296 quod

13 1296 22 1338 ι’
110 1307 141 1362 in
156 1319 189 1361 re
209 1301 351 1362 invidiosa
372 1302 448 1378 legis
465 1300 571 1362 auxilio
587 1300 744 1360 novissime
761 1309 806 1359 est
821 1297 912 1359 usas?
934 1316 992 1378 quo
1008 1318 1119 1377 genere

112 1385 292 1446 defensionis
313 1387 398 1447 etiam
422 1385 593 1445 ollendisset
617 1382 742 1443 noudum
772 1382 972 1462 praemollitas
994 1383 1120 1444 iudicum

36 1471 52 1553 .'
111 1477 241 1538 mentes;
262 1487 313 1546 au,
337 1469 414 1548 quod
437 1486 470 1529 se
493 1469 586 1546 ipsum
607 1466 696 1527 inrito
716 1463 851 1527 cluentio
872 1466 974 1527 facere
994 1475 1119 1532 testatus

23 1544 27 1556 '
112 1549 182 1612 esti
214 1551 290 1626 Quid
308 1570 362 1632 pro
378 1550 509 1613 Milone?
525 1551 603 1630 quod
620 1567 678 1611 non
692 1558 759 1610 aute
774 1553 916 1626 narrarit,
933 1569 1018 1629 quam
1034 1561 1162 1630 prae-10

112 1635 226 1698 iudiciis
243 1637 373 1696 omnibus
391 1655 471 1696 reum
486 1631 649 1697 liberaret?
669 1633 748 1712 quod
763 1633 927 1695 insidiarum
942 1634 1075 1696 invidiam
1090 1639 1119 1695 in

31 1737 37 1749 ·
113 1717 246 1780 clodium
256 1722 353 1796 vertit,
373 1737 534 1798 quanquam
545 1737 650 1779 revera
664 1718 760 1778 luerat
774 1735 871 1796 pugna
885 1715 1024 1778 fortuita‘l
1041 1718 1118 1797 quod

112 1804 220 1863 lactum
237 1812 267 1863 et
282 1804 410 1864 laudavit
425 1812 455 1863 et
470 1813 566 1864 tamen
582 1801 732 1862 voluntate
746 1799 863 1860 Milonis
879 1799 1022 1862 removit?
1040 1804 1119 1881 quod

28 1905 34 1915 ·
112 1885 155 1946 illi
175 1904 282 1964 preces
298 1903 355 1945 nou
373 1885 452 1947 dedit
473 1895 503 1946 et
520 1887 549 1945 in
565 1903 663 1945 eurum
678 1884 775 1945 locum
793 1887 858 1962 ipse
877 1883 1043 1946 successit?
1073 1886 1118 1946 ln-

114 1969 223 2030 iinitum
244 1978 289 2028 est
309 1986 497 2044 enruuerare,
515 1977 546 2028 ιιι
562 1967 667 2028 Guttae
683 1969 842 2028 detraxerit
859 1969 1071 2046 auctoritatem,
1087 1979 1120 2030 ut

113 2067 168 2130 pro
183 2049 300 2130 Ligario
317 2071 352 2112 se
368 2053 556 2131 opposuerit,
575 2050 741 2111 Cornelium
756 2053 820 2131 ipsa
838 2051 1032 2113 confessionis
1048 2053 1119 2115 fidu·

13 2147 26 2192 t
112 2135 157 2194 cia
175 2137 325 2213 eripuerit.
360 2135 436 2198 lllud
458 2137 557 2198 dicere
574 2136 644 2196 satis
659 2133 771 2211 babeo,
788 2135 859 2197 nibil
876 2154 944 2196 esse
959 2153 1017 2197 nou
1032 2136 1159 2197 modoll

18 2239 24 2250 ·
111 2219 141 2276 in
160 2218 269 2278 orando
285 2220 339 2280 sed
354 2222 383 2279 in
398 2221 474 2280 omni
488 2221 548 2279 vitu
563 2220 643 2299 prius
659 2218 799 2295 consilio,
822 2220 989 2299 frustraque
1002 2223 1065 2281 siue
1081 2239 1118 2282 eo

112 2301 186 2361 tradi
208 2309 323 2362 ceteras
346 2311 440 2378 artes,
470 2302 595 2380 plusque
623 2301 671 2361 vel
698 2303 761 2362 siine
788 2302 918 2364 doctrina
937 2303 1118 2382 prudentiam

13 2379 21 2434 ³·
113 2401 198 2463 quam
213 2387 277 2444 sine
293 2384 446 2465 prudentia
462 2384 564 2444 facere
580 2384 749 2444 doctrinam.
780 2384 892 2463 Aptare
909 2388 994 2446 etiarn
1010 2389 1117 2447 oratio·

13 2491 18 2501 ·
112 2485 179 2527 nem
194 2467 280 2546 locis,
296 2467 487 2547 temporibus,
504 2467 640 2547 personis
652 2467 837 2528 esteiusdern
847 2469 970 2529 virtutis.
1001 2470 1060 2531 Sed
1071 2471 1119 2532 bio

13 2574 15 2586 ·
114 2553 181 2630 quia
195 2550 281 2612 latius
300 2553 382 2613 lusos
399 2560 445 2613 est
459 2551 543 2612 locus
561 2551 725 2627 mixtusque
738 2568 802 2611 curn
816 2550 997 2615 elocutione:
1012 2563 1116 2616 tracta·

113 2631 201 2712 bitur,
220 2653 284 2696 cum
299 2637 473 2716 praecipere
489 2634 526 2695 de
544 2643 612 2713 apte
627 2633 756 2694 dicendo
770 2637 963 2714 coeperimus.

489 2941 766 2958 Μ
