2608 3948
198 204 257 268 130
506 216 543 264 x.
565 214 645 264 aas.
667 211 888 274 amariorum

154 374 257 438 stotso
279 371 356 433 malo
378 371 465 450 eivs)
486 369 515 428 iu
530 369 692 429 oouiuuotis
707 383 781 426 vero
803 383 894 445 posse
912 375 941 426 et
956 366 1030 428 duos
1047 375 1076 426 et
1092 368 1144 428 tris
1160 369 1205 428 iu-

196 458 289 516 veniri
302 456 352 516 vel
367 453 512 528 diversos,
528 461 559 512 ut
574 452 676 530 siquis
692 449 770 511 aliud
787 468 820 511 se
834 466 892 510 nou
903 450 1013 512 ieoiase
1029 449 1107 512 aliud
1118 459 1205 512 reate

196 539 305 600 isoisse
321 537 473 604 deieudat;
492 534 541 595 vel
553 535 674 612 generis
690 533 832 610 eiusdem,
849 542 881 593 ut
895 535 921 593 si
939 535 1002 613 quis
1015 532 1072 594 duo
1085 535 1204 596 erimina

153 631 296 700 deneget.
341 621 427 696 Quod
449 615 554 682 aeaidit
576 619 677 695 edam,
701 619 727 678 si
750 617 786 678 da
808 635 864 678 uua
880 634 913 677 re
936 626 1091 696 quaeratur
1105 617 1203 698 aliqua

195 707 328 767 sedeam
349 705 449 784 plures
469 710 584 782 patant,
606 701 656 762 vel
678 701 781 762 eodem
806 703 869 762 iure
890 710 921 762 ut
940 702 1131 780 proximitatis
1151 702 1203 763 vel

196 791 326 864 diverso,
342 797 373 847 ut
389 805 453 848 oum
467 785 514 846 lrio
523 794 697 846 testamento
711 785 761 846 ille
773 784 957 864 proximitate
969 787 1085 845 uitetur.
1120 785 1201 862 Quo-

195 875 271 933 tiens
286 879 381 932 autem
399 867 477 931 aliud
491 869 541 931 alii
558 870 677 948 petitori
695 871 868 948 opponitur,
884 869 1040 932 dissimiles
1058 885 1127 929 ease
1142 879 1202 930 sta·

153 965 241 1020 totus
256 971 382 1015 neeesse
399 961 455 1031 est,
473 962 503 1013 ut
519 953 615 1014 inilia
633 955 849 1014 controversia:
873 951 1065 1016 Testamenta
1082 953 1204 1032 lepidos

193 1040 282 1118 [soto
303 1045 377 1100 roto
397 1040 466 1102 siat.
512 1035 730 1099 lotsetatomm
749 1038 926 1116 parentium
952 1037 1043 1100 lidan·
1068 1037 1204 1098 heredes

195 1124 265 1185 eistt.
306 1117 479 1185 Abdicatus
497 1141 536 1184 oe
557 1121 693 1200 quidde
713 1121 800 1183 bosia
817 1123 919 1200 patrie
936 1121 1051 1200 capiat.
1084 1118 1205 1184 Notitae

196 1213 266 1268 ante
283 1207 447 1286 ισφίιίιιιιιιιι
468 1213 562 1267 solas
583 1206 736 1285 lepitimua
758 1203 841 1283 filias
868 1205 924 1282 eit,
946 1211 1016 1285 poet
1033 1205 1201 1284 lepitiatrrm

195 1298 288 1354 notos
304 1298 420 1352 tostum
440 1291 523 1352 riuis.
562 1286 601 1350 la
617 1289 812 1368 adoptionem
829 1289 1022 1353 dereliceat.
1062 1285 1100 1351 ln
1121 1289 1201 1351 arto-

191 1377 325 1453 ptionsm
347 1375 422 1436 doto
434 1374 541 1436 redire
559 1373 592 1435 irs
610 1374 762 1452 familiam
780 1374 883 1450 dceot,
910 1375 1048 1453 sipoler
1068 1379 1201 1435 notara-

153 1459 234 1522 971ιί
253 1459 320 1520 eine
341 1457 447 1518 liberis
468 1459 644 1520 decesserit.
692 1456 749 1531 Qui
771 1474 809 1518 ex
830 1455 944 1518 duobus
969 1456 1105 1534 legitimis
1126 1456 1201 1516 alte·

196 1558 259 1602 rum
273 1542 302 1601 iu
319 1539 504 1619 adoptionem
521 1540 641 1602 dederat
655 1541 777 1601 alterum
792 1539 994 1616 abdicaverat,
1015 1540 1130 1601 sustulit
1146 1556 1200 1600 uo·
1241 1579 1244 1585 -

196 1624 290 1693 thum
313 1623 442 1684 instituto
466 1624 578 1685 herede
601 1623 734 1686 abdioato
756 1625 895 1686 decessit.
940 1623 1014 1684 'ires
1038 1639 1139 1684 omues
1161 1624 1201 1685 de

195 1707 280 1768 bouis
296 1707 481 1769 contendunt.
510 1707 645 1786 Notium,
661 1710 710 1788 qui
727 1723 785 1768 nou
803 1711 840 1768 sit
855 1707 1011 1788 legitimus,
1028 1707 1132 1771 Graeci
1146 1724 1200 1767 vo-

196 1800 277 1860 oaut;
301 1789 430 1851 Latinum
454 1793 498 1852 rei
513 1808 633 1868 nomen,
656 1801 687 1852 ut
709 1789 782 1853 Cato
801 1808 917 1872 quoque
933 1793 964 1852 iu
980 1793 1112 1852 oratione
1129 1808 1200 1870 qua·

196 1875 260 1936 dam
280 1881 403 1936 testatus
426 1883 487 1952 est,
516 1893 573 1936 uon
599 1875 737 1936 habemus
758 1877 885 1954 ideoque
906 1877 1010 1936 utimur
1029 1877 1200 1954 peregrino.

153 1958 255 2024 tesed
270 1958 306 2019 ad
322 1960 514 2038 propositum.
544 1957 652 2021 Herodi
668 1961 778 2040 soripto
800 1962 958 2040 opponitur
974 1960 1039 2034 lex,
1059 1956 1202 2020 Abdica-

197 2051 246 2104 taa
266 2061 305 2103 oe
323 2043 400 2121 qaid
416 2042 456 2103 de
477 2043 565 2106 bonis
582 2046 686 2123 patrie
707 2045 832 2124 oopiot‚·
859 2043 891 2103 iit
916 2051 1007 2102 status
1037 2041 1138 2117 scripti
1169 2049 1203 2102 et

194 2125 366 2202 voluntatis,
393 2143 436 2187 ott
456 2127 519 2190 allo
539 2130 627 2191 niodo
646 2143 760 2206 capere
776 2127 894 2205 possit?
921 2143 963 2186 ort
985 2141 1025 2184 eo
1045 2124 1204 2186 voluntate

191 2209 318 2289 patris?
337 2227 379 2271 aa
393 2208 653 2291 deterserimus?
680 2208 777 2269 Natho
792 2207 901 2287 duplex
913 2207 943 2267 dt
955 2208 1100 2286 quaestio,
1118 2207 1199 2286 quod

98 2361 100 2366 ,
194 2301 264 2372 post
285 2293 430 2372 legitimos
451 2304 534 2356 uatus
556 2297 594 2355 sit
615 2303 644 2352 et
659 2291 736 2370 quod
758 2311 819 2353 oon
834 2292 871 2350 ait
887 2299 960 2353 oste
975 2291 1133 2369 legitimum
1147 2309 1198 2352 ua-

154 2382 251 2440 attus
284 2375 367 2438 Prior
385 2378 578 2457 syllogismon
601 2375 705 2449 hahet,
731 2391 775 2435 aa
798 2392 860 2455 pro
873 2393 934 2436 soa
954 2376 1039 2437 notis
1057 2375 1118 2436 siat
1139 2376 1198 2436 lto·

195 2461 305 2536 baadi,
329 2461 381 2539 pai
401 2463 560 2541 osomt’lt'o
575 2467 646 2521 aaut
671 2458 819 2521 odenati?
866 2458 968 2519 Altera
996 2467 1025 2518 et
1045 2459 1147 2538 seripti
1168 2465 1198 2518 et

195 2542 361 2605 voluntatis.
392 2544 458 2605 Nou
478 2561 545 2604 esse
563 2544 637 2602 euim
652 2540 728 2601 hune
748 2553 844 2604 uatum
867 2552 934 2603 ante
954 2543 1112 2620 legitimum
1128 2557 1197 2602 oon·

194 2629 285 2704 veuit,
302 2628 355 2689 sed
366 2628 514 2690 voluntate
526 2627 601 2704 legis
614 2643 648 2686 se
659 2624 795 2704 tuebitur,
809 2643 894 2708 quam
905 2627 982 2688 dioet
994 2626 1081 2687 talem
1091 2625 1195 2699 luisse,

194 2719 226 2771 ut
241 2711 387 2790 legitimus
403 2717 483 2771 esset
497 2710 602 2770 nothus
617 2717 686 2771 tuuo
702 2719 801 2788 uatus,
824 2729 889 2772 oum
911 2709 985 2772 alius
1008 2710 1152 2790 legitimus
1167 2711 1197 2768 iu

154 2792 298 2858 loodoruo
321 2812 379 2855 uon
402 2801 492 2854 esset.
530 2794 674 2873 Scriptum
694 2811 811 2875 quoque
834 2795 910 2872 legis
927 2793 1064 2855 exeludet
1083 2792 1194 2869 diceus,

194 2875 262 2939 Non
280 2881 401 2957 utique,
424 2879 453 2938 si
465 2885 575 2956 postea
595 2879 745 2958 lepitimua
765 2883 857 2941 ιιαιιιι
874 2896 935 2939 sos
953 2879 1008 2951 eit,
1032 2877 1123 2940 nolito
1141 2895 1195 2938 no·

196 2979 282 3031 aare:
311 2970 465 3040 uteturque
487 2961 544 3021 hoo
565 2971 750 3039 argumento:
777 2959 873 3041 dispe
896 2961 993 3023 solam
1018 2969 1123 3023 notum
1144 2977 1196 3022 oo·

195 3044 294 3123 llum,
321 3047 410 3108 auios
432 3045 622 3108 condicionis
640 3047 720 3107 erit?
757 3043 887 3108 Tantum
912 3045 1011 3107 diois?
1032 3045 1119 3123 utqui
1136 3063 1197 3106 nora

195 3131 254 3190 etit
271 3135 342 3209 poet
363 3129 527 3208 lepitimam
549 3135 651 3192 natae.
690 3127 811 3190 Filius?
838 3130 925 3208 atqui
950 3147 1012 3192 oon
1039 3132 1098 3190 erit
1124 3135 1198 3190 orate

194 3214 342 3294 lepitimoa
359 3221 460 3274 sotus.
506 3211 612 3287 Quare
636 3217 665 3276 ιι·
684 3213 788 3275 verbis
811 3213 888 3292 lepis
907 3215 988 3276 stari
1008 3231 1069 3274 noa
1087 3219 1196 3292 potest,

156 3308 204 3363 101
216 3299 370 3360 voluntate
387 3298 531 3360 standum
551 3305 606 3360 eet.
650 3295 714 3357 Neo
736 3313 906 3376 quremqoam
927 3296 1040 3374 turbet,
1060 3296 1138 3376 quod
1159 3313 1197 3356 ex

195 3400 250 3443 uua
266 3382 334 3459 lege
349 3381 407 3442 duo
423 3389 514 3443 status
531 3381 612 3449 daun
636 3381 744 3462 duplex
760 3388 821 3459 est,
837 3382 876 3442 ita
890 3382 948 3441 vim
963 3382 1081 3444 duarum
1097 3380 1194 3441 habet.

195 3465 303 3526 Redire
317 3466 345 3526 in
360 3466 494 3528 familiam
510 3466 621 3526 volenti
636 3466 740 3528 dieitur
753 3465 790 3527 ab
805 3465 905 3528 'altero
920 3467 1057 3545 primum,
1083 3463 1121 3526 Ul
1142 3464 1197 3526 ator·
