2578 3946
155 216 196 280 28
476 228 837 288 amnemamnem

113 381 377 462 39Naoa‘quoimuo
401 383 561 448 Pelusio
549 405 582 448 ιιι
607 382 854 454 Αὶιιιιιάιίιιιι
884 385 1064 446 detractione
1089 381 1163 450 Am·
1274 389 1275 426 ³

156 468 227 531 balo
246 468 345 545 mom,
367 466 505 550 Aepypto
525 471 629 546 aenio,
651 467 700 531 Ne
719 470 776 532 doe
793 470 889 548 festia
910 469 1163 546 transmutatione,

157 569 212 631 qua
233 551 305 613 ordo
325 552 471 630 turbatum,
497 551 624 633 Quoque
642 572 714 633 epo,
737 550 828 616 Eadm
849 553 905 617 lton
923 555 1032 629 soluit,
1050 549 1165 616 Autem

155 654 216 698 ooo
233 635 348 699 debuit.
393 634 441 698 Ex
462 654 520 716 quo
543 656 654 717 genere
675 655 711 697 arr
735 637 773 698 sit
796 637 893 716 iqitur
913 638 994 698 initio
1016 639 1164 699 sermonis
1275 628 1276 670 ἕ

156 721 296 799 positum,
317 719 440 781 dubitari
459 731 573 800 potest,
597 723 664 801 quie
681 721 820 782 maximos
840 729 977 784 auotores
995 722 1025 789 in
1044 720 1166 782 diverse
1275 761 1276 774 ,

156 804 247 865 luisse
270 805 408 883 opinione
431 805 535 882 video,
562 824 626 867 oum
652 805 727 886 apud
749 805 823 865 alios
842 807 881 866 sit
902 806 987 866 etiam
1008 805 1163 884 frequens,

114 887 233 967 doapud
255 887 329 948 alios
351 905 495 968 nunquam
514 891 686 970 reperiatur
725 889 806 950 Haeo
830 889 885 952 tria
910 907 1021 967 genere
1046 887 1163 988 quidam

157 972 302 1032 deducunt
325 990 343 1033 a
366 973 560 1051 soloecismo,
589 982 618 1036 et
643 973 815 1036 adiectionis
842 973 942 1074 uitium
965 965 1163 1051 πλεονασμόν,
1276 961 1277 1022 l

112 1087 118 1102 ·
157 1056 345 1117 detractionis
364 1055 542 1136 ἔλλειψιν,
533 1059 707 1119 inversionis
729 1047 922 1160 ρνισιριφὴν
940 1065 1065 1133 uooant,
1086 1073 1163 1136 qnae
1276 1079 1277 1086 ι

156 1140 230 1200 siin
251 1142 381 1219 speeiem
402 1140 572 1204 soloeoismi
598 1143 698 1218 eadat,
722 1133 888 1222 ὑπερβατὸν
913 1158 1033 1220 quoque
1057 1140 1162 1201 eodem

113 1233 148 1287 41
156 1223 299 1303 appellari
314 1225 401 1286 modo
417 1243 518 1304 posse
548 1225 747 1288 lmmutatio
723 1245 786 1286 sune
802 1227 1003 1287 controuersia
1018 1233 1079 1300 est,
1097 1241 1162 1283 oum

157 1307 234 1369 aliud
253 1326 307 1388 pro
329 1310 388 1371 alio
408 1311 533 1389 ponitur.
571 1311 605 1372 ld
623 1329 677 1389 per
701 1327 801 1370 omues
824 1311 964 1371 orationis
989 1317 1088 1388 partes
1111 1307 1161 1368 de-

157 1392 380 1472 prehendimus,
407 1394 678 1492 frequentissime
668 1413 698 1454 ur
719 1393 828 1469 verbo,
855 1394 923 1492 quia
947 1393 1069 1473 plurima
1095 1391 1163 1452 huie
1277 1397 1278 1434 ³

157 1476 306 1546 aooidunt;
333 1477 493 1556 ideoque
484 1496 513 1537 ιιι
532 1494 569 1537 eo
588 1477 658 1538 dunt
678 1477 846 1539 soloecismi
867 1465 922 1556 pe'r
941 1494 1068 1555 genero,
1090 1485 1161 1536 tem·

157 1576 245 1639 pora,
269 1576 429 1640 personas,
451 1561 570 1637 modos,
592 1563 655 1622 sive
675 1565 721 1622 oui
742 1568 841 1624 riolos
862 1577 916 1622 eos
935 1560 991 1622 diei
1012 1578 1064 1620 seu
1086 1577 1162 1639 qua·

156 1645 258 1706 litotes
271 1642 381 1722 planet,
397 1643 446 1705 vel
463 1663 517 1706 sex
530 1645 596 1721 vel,
613 1645 707 1706 otalii
724 1645 837 1721 volunt,
854 1653 938 1713 ooto;
958 1679 1001 1691 -
1014 1662 1079 1706 nam
1095 1644 1162 1705 toti·

157 1727 222 1788 dem
235 1729 371 1790 vitiorum
386 1738 469 1789 erunt
485 1728 612 1805 formae,
634 1731 751 1808 inquot
769 1730 886 1808 speeies
902 1745 1003 1789 eorum
1022 1729 1162 1808 quidque,

113 1824 148 1878 ιι
156 1811 193 1873 de
210 1811 314 1891 quibus
330 1829 418 1892 snpra
434 1813 539 1876 dietum
552 1822 613 1889 est,
632 1814 825 1874 diviseris-
782 1821 999 1891 -praeteree
1012 1827 1160 1886 numeros,

157 1898 186 1957 iu
211 1896 315 1995 quibus
339 1913 393 1956 nos
418 1896 596 1976 singularem
620 1915 655 1958 ao
675 1896 818 2000 pluralem
843 1894 984 1958 habemus
1008 1894 1113 1958 Graeoi
1133 1903 1162 1954 et
1278 1941 1279 1956 ,

158 1973 271 2041 dotatio.
319 1981 488 2080 Quanquam
513 1981 644 2058 luerunt,
672 1984 721 2061 qui
747 1981 832 2041 nobis
856 1998 974 2060 quoque
1003 1979 1163 2041 adiioerent

157 2064 273 2125 dualem
289 2067 462 2143 scripsere,
481 2067 602 2143 leperee
621 2065 699 2142 quod
718 2065 870 2127 evitandae
888 2065 1053 2143 asperitatis
1068 2063 1163 2141 gratie

25 2189 30 2196 -
158 2145 299 2207 mollitum
315 2155 375 2222 est,
396 2155 427 2206 ut
448 2148 524 2226 apud
539 2156 658 2208 veteres
675 2164 729 2228 pro
744 2151 825 2211 mole
839 2149 985 2225 mereris,
1005 2148 1086 2209 mole
1100 2166 1162 2208 me·

35 2244 41 2251 ·
157 2249 239 2293 rere.
275 2228 406 2309 Ideoque
429 2230 507 2309 quod
529 2239 635 2292 uooant
662 2232 801 2310 dualem,
828 2233 857 2292 in
879 2231 932 2294 illo
955 2231 1022 2292 solo
1049 2248 1162 2310 genero

160 2313 309 2390 oonslstit,
338 2331 402 2374 oum
422 2314 497 2393 apud
522 2313 651 2375 Graeoos
674 2324 705 2377 et
724 2318 753 2376 in
776 2316 859 2377 uerbi
880 2325 942 2378 tota
962 2317 1027 2377 lere
1049 2316 1163 2376 ratione

158 2406 188 2458 et
208 2400 237 2458 in
257 2397 420 2459 nominibus
447 2397 697 2476 deprehendatur,
727 2409 757 2460 et
784 2403 828 2460 sio
854 2416 972 2480 quoque
997 2400 1162 2460 rarissimus

114 2483 220 2543 idaim
243 2482 280 2542 sit
301 2499 387 2550 usum
417 2483 492 2561 apud
517 2491 683 2553 nostrorum
703 2500 775 2545 vero
797 2487 939 2546 nemiuem
963 2484 1037 2545 haee
1059 2482 1162 2543 obser·

157 2567 235 2628 vatio
252 2567 434 2646 reperiatur,
454 2569 523 2646 quin
544 2569 725 2630 econtrario
744 2569 895 2633 deverrere
913 2570 997 2632 loeus
1014 2575 1044 2628 et
1065 2568 1162 2628 eonti-

158 2670 252 2714 ouere
269 2670 375 2715 omnes
392 2660 423 2712 et
440 2653 609 2714 consedere
626 2653 724 2715 danea
739 2662 841 2733 aperte
858 2669 913 2714 nos
932 2649 1164 2727 doeeant,nil1il

157 2734 260 2795 horum
280 2735 316 2796 ad
338 2734 411 2795 duos
435 2737 598 2814 pertinere;
622 2735 734 2800 disere
757 2754 890 2817 qnoque,
920 2735 997 2816 quod
1019 2734 1163 2796 Antonius

157 2816 251 2878 Rufus
279 2834 317 2877 ex
343 2817 462 2880 diverso
487 2823 580 2963 pouitf
595 2821 776 2901 exemplum,
810 2821 848 2883 de
876 2818 1007 2920 pluribus
1029 2819 1163 2920 patropis

81 2949 83 2954 .
115 2906 267 2980 lepraeoo
282 2902 457 2979 pronuntiet
483 2901 580 2978 Quid?
598 2923 657 2965 non
670 2904 810 2966 Livius
783 2897 861 2965 orrea
875 2904 954 2964 initia
969 2904 1065 2965 statim
1080 2902 1163 2980 primi

158 2983 235 3060 libri,
254 2981 403 3061 Tenuere,
418 2987 520 3064 inquit,
536 3005 642 3050 oroem
656 2987 789 3052 Sedima
809 2996 840 3048 et
852 3003 931 3061 mox,
947 2989 980 3048 ιἰι
994 2988 1162 3048 adeersum

157 3067 289 3132 Βιιιιιιιι·
301 3070 446 3130 radim?
468 3070 527 3132 Sed
542 3089 628 3150 quem
642 3073 739 3152 potius
754 3088 812 3151 ego
828 3088 912 3169 quam
922 3031 961 3130 'lt
975 3069 1100 3131 'lollium
1115 3087 1162 3129 se·

158 3170 245 3231 quar,
258 3150 502 3232 quiinOratore,
515 3151 612 3218 Nono
613 3156 801 3236 offratenes
814 3155 921 3232 iuquit,
939 3156 1163 3233 aoripaem

115 3239 406 3318 esaoripaeruut
420 3257 488 3301 ιιιι
501 3242 606 3302 verius
620 3240 739 3302 sentio?
769 3235 932 3298 Similiter
923 3254 951 3296 m
965 3236 1117 3298 vocabulis
1134 3245 1163 3296 et

157 3321 319 3384 nominibus
332 3320 364 3382 dt
375 3320 568 3385 soloecismus
581 3340 703 3402 genere,
718 3337 837 3381 numero
847 3322 992 3399 ,proprie
1006 3328 1102 3381 autem
1115 3337 1162 3380 oa·

157 3404 248 3484 sibus,
264 3404 403 3484 quidquid
414 3406 516 3468 horum
528 3407 613 3468 alteri
627 3405 776 3466 suooedet.
798 3403 872 3464 lluio
886 3405 961 3482 parti
973 3403 1163 3481 subiungatur

158 3488 228 3549 lieet
245 3506 301 3567 per
319 3494 552 3569 comparationes
569 3499 598 3550 et
616 3487 846 3567 superlationes,
865 3489 992 3566 itemque
1009 3488 1038 3545 in
1057 3486 1161 3564 quibus
