2608 3948
378 262 812 336 memorauomuranqa.
1035 255 1094 316 165

93 437 161 480 reus
174 427 230 495 est,
243 417 391 478 oonlessio
404 418 597 480 verecundior
606 435 689 496 quam
701 419 862 497 expositio:
875 397 1097 500 Nonuepomar

94 505 134 567 de
145 503 255 582 templo
266 501 433 581 pretorium
447 503 687 578 eaoeaobiotsrr,
705 503 914 566 calamitiotur
924 512 1025 566 tameo
1041 524 1096 568 oo-
1123 520 1127 527 ·

94 585 1098 664 taratarantiumsaeubptt,eam·prtoarosoerttuoaruore,-sor

93 678 194 734 autem
210 671 250 732 de
265 669 323 732 boo
339 669 537 747 opponeretis,
555 687 597 730 art
610 669 807 748 oeomlepiuor
820 669 862 732 atr
874 671 1055 742 admittam.

179 753 239 815 Sed
254 761 285 812 ut
299 749 353 811 has
371 750 526 830 aliquando
541 767 599 810 non
616 751 749 814 narrandi
766 769 870 814 causas
888 763 975 832 puto:
999 755 1042 816 sio
1062 754 1122 820 aba

92 837 152 898 illis
179 836 339 911 dissentio,
363 834 491 914 quinon
517 835 681 896 existimant
705 853 773 897 esee
795 837 1007 914 narrationem,
1032 857 1097 901 oum

92 937 162 980 reus
180 919 260 1000 quod
282 917 417 979 obiicitur
433 927 540 980 tantum
561 927 664 997 negeb
687 920 716 980 in
733 937 790 998 qqa
812 929 857 980 est
872 922 1009 1000 opinione
1025 919 1096 982 Gor-

92 1003 187 1067 uelius
205 999 328 1079 Golsue,
353 1003 403 1081 qui
420 1003 599 1064 eondioionis
622 1001 707 1064 huius
724 1020 792 1064 esse
814 1002 968 1066 arbitratur
984 1004 1096 1083 pleras-

94 1105 153 1166 que
168 1086 266 1152 caedis
284 1103 388 1148 causas
405 1094 434 1146 et
452 1103 552 1148 omnes
568 1086 692 1147 ambitus
711 1105 745 1146 ao
761 1088 994 1165 repetundarum.
1032 1087 1139 1150 Nonio

93 1172 169 1232 euim
189 1179 270 1250 putat
294 1187 362 1232 esse
383 1172 594 1247 narrationem,
618 1170 675 1231 uisi
700 1187 775 1248 quae
799 1187 936 1230 summam
960 1171 1096 1247 oriminis,

93 1255 129 1315 de
147 1271 205 1334 quo
222 1253 357 1317 iuditium
374 1262 435 1330 ost,
459 1255 604 1330 eontinet,
621 1252 726 1316 deinde
741 1253 848 1314 fatetur
863 1255 945 1331 ipse,
970 1269 1024 1332 pro
1041 1253 1096 1314 Ra-

92 1337 167 1398 birio
189 1337 326 1398 Postumo
352 1355 487 1398 narrasse
513 1334 703 1408 Ciceronem3
731 1345 818 1415 atque
846 1337 897 1398 ille
926 1346 954 1397 et
980 1339 1098 1414 negavit

93 1421 266 1499 pervenisse
288 1421 325 1480 ad
338 1419 487 1483 Rabirium
503 1422 669 1499 pecuniam,
694 1439 749 1499 qua
771 1421 807 1482 de
829 1438 861 1480 re
884 1430 946 1482 erat
961 1422 1096 1500 quaestio

95 1505 267 1579 oouatituta,
289 1511 318 1562 et
339 1504 368 1564 in
390 1502 445 1564 luae
467 1505 630 1580 narratione
653 1503 724 1564 nibil
747 1503 784 1567 de
808 1505 926 1565 erimine
946 1506 1094 1584 exposuit.

93 1586 160 1666 Ego
182 1595 277 1647 autem
298 1603 421 1664 magnos
436 1587 546 1666 alioqui
568 1597 687 1648 seoutus
708 1597 861 1665 auctores,
884 1588 957 1651 duas
980 1607 1049 1648 esse
1070 1591 1137 1654 inll

94 1671 208 1734 iudiciis
224 1671 420 1732 narrationum
435 1672 553 1750 speeies
572 1671 721 1747 existimo,
745 1671 866 1732 alteram
881 1673 974 1752 ipsius
990 1689 1096 1736 nautae

94 1755 216 1815 alteram
236 1772 333 1814 rerum
355 1754 390 1815 ad
409 1771 525 1814 oausam
546 1755 749 1834 pertinentium
771 1757 996 1834 expositionem.
1029 1753 1096 1817 Nora
1106 1764 1138 1819 12
1230 1781 1232 1788 ¹

93 1838 195 1901 oooidt'
215 1837 379 1914 bontionem,
397 1837 476 1898 nulla
492 1839 619 1900 narratio
638 1847 697 1908 est;
721 1839 872 1906 eonvenit;
895 1838 948 1899 sed
969 1839 1024 1898 erit
1045 1837 1096 1897 ali-

95 1939 154 2000 qua
176 1929 205 1980 et
225 1921 339 1980 interim
361 1922 447 1984 etiam
469 1920 557 1998 longa
580 1930 680 1981 eontra
703 1922 950 1999 argumentosius
972 1921 1096 1982 oriminis

95 2005 133 2066 de
155 2012 288 2064 anteacta
303 2006 378 2082 rita,
401 2005 438 2066 de
460 2005 573 2081 nausis,
595 2013 716 2084 propter
733 2022 804 2084 quas
821 2006 960 2067 innocens
976 2005 1005 2064 in
1020 2005 1096 2083 peri·

95 2087 191 2148 oulum
209 2086 383 2166 deduoatur,
400 2088 479 2165 aliis,
496 2087 600 2168 quibus
616 2088 785 2148 incredibile
801 2088 840 2166 id,
857 2090 935 2170 quod
951 2086 1095 2167 obiicitur,
1167 2145 1174 2156 .
1287 2119 1288 2130 κ

95 2172 153 2234 liat.
183 2170 287 2251 Neque
303 2173 378 2233 onim
393 2181 548 2234 aoousator
563 2181 670 2234 tantum
685 2172 742 2234 boo
760 2173 840 2249 dioit,
856 2173 1013 2240 ooor‘dr'atr't
1031 2171 1095 2250 sed,
1105 2173 1139 2226 13

95 2255 200 2336 quibus
220 2256 250 2315 id
271 2255 394 2336 probet,
422 2265 528 2318 narrat.
571 2255 610 2318 Ut
635 2258 663 2317 in
690 2258 866 2334 tragoediis,
896 2274 961 2318 oum
981 2253 1097 2318 'leuoer

94 2338 202 2400 Ulixen
224 2357 305 2400 reum
327 2340 397 2401 iacit
413 2339 513 2400 Aiaois
537 2340 628 2400 oooisi
648 2341 764 2401 diosus:
793 2339 952 2402 Iaoeaium
977 2357 1045 2401 eum
1064 2341 1097 2400 r'o

94 2423 258 2486 solitudine
272 2425 361 2484 tuoto
372 2425 513 2486 mommo
525 2441 640 2502 eorpus
653 2424 771 2484 inimici
784 2441 853 2484 eam
865 2424 971 2502 plodio
986 2441 1096 2486 eruen-

97 2516 141 2570 to:
169 2521 227 2564 non
241 2505 270 2564 id
284 2505 371 2565 modo
387 2505 490 2564 Ulixes
505 2505 681 2583 respondet,
702 2523 760 2564 non
775 2522 843 2564 esse
860 2523 876 2565 a
893 2523 926 2564 se
942 2505 970 2565 id
985 2505 1096 2567 laoiuus

95 2587 267 2664 admissum,
291 2587 344 2648 sed
365 2587 420 2649 sibi
442 2587 537 2649 nullas
559 2607 623 2649 oum
639 2588 738 2649 Aiaoe
751 2588 913 2648 inimicitias
927 2587 1037 2661 luisse,
1060 2587 1097 2646 de

95 2671 182 2734 laude
205 2674 281 2734 iuter
305 2673 387 2751 ipsos
409 2681 566 2742 certatum
592 2670 697 2733 deinde
718 2670 879 2748 subiungit,
902 2669 1050 2750 quomodo
1069 2671 1097 2733 in

95 2773 160 2817 eam
175 2755 362 2818 solitudinem
375 2756 499 2832 venerit,
516 2757 659 2816 iaoentem
673 2755 834 2816 exanimem
848 2756 885 2816 sit
900 2755 1096 2834 oonspioatus,

94 2840 222 2918 gladium
244 2840 398 2902 evaluere
412 2840 589 2900 'exbaxerit
626 2837 678 2899 His
700 2837 862 2898 subtexitur
876 2840 1095 2918 argumentatio.

95 2921 156 2985 Sed
171 2943 207 2986 ne
223 2924 294 2986 illud
310 2923 426 3005 quidem
442 2925 505 2985 sine
520 2924 686 2984 narratione
703 2931 764 3000 est,
782 2921 897 2984 diooute
913 2929 1139 2999 aoousatore,14

94 3005 193 3072 Fraioti
211 3011 244 3070 ia
259 3027 295 3072 ao
314 3011 398 3087 loeo,
416 3009 449 3072 lo
471 3023 530 3088 quo
549 3017 619 3072 tuus
638 3007 780 3070 inimiouo
799 3009 922 3070 oooiaue
942 3017 1002 3070 eat.-
1028 3005 1097 3068 Nun

92 3092 163 3172 liri,-
193 3091 345 3154 dioendum
373 3095 466 3170 enim,
495 3091 544 3154 ubi
566 3091 663 3153 luerit.
714 3090 811 3164 Quare
833 3090 955 3152 ambitus
979 3105 1096 3169 quoque

96 3191 204 3238 causae
223 3184 252 3236 et
272 3177 497 3254 repetundarum
512 3177 569 3238 hoo
592 3176 678 3236 etiam
701 3174 800 3253 plures
820 3173 984 3235 huiusmodi
999 3187 1096 3234 narra·

95 3261 192 3320 tiones
216 3257 326 3320 hebere
349 3268 502 3338 poterunt,
525 3277 583 3340 quo
604 3259 687 3339 plura
707 3259 840 3326 orimina;
864 3255 1013 3337 inquibus
1033 3256 1097 3333 ipsa

95 3343 214 3422 quidem
229 3343 362 3421 neganda
385 3352 467 3420 sunt,
490 3344 543 3406 sed
560 3343 736 3420 argumentis
753 3342 937 3419 expositione
954 3339 1101 3400 contraria

94 3426 291 3490 resistendum
304 3436 333 3488 et
347 3427 490 3489 interdum
504 3428 627 3506 siugulis
641 3425 783 3488 interdum
798 3423 949 3484 universis.
973 3422 1019 3484 An
1029 3427 1140 3483 reuslt

97 3509 221 3572 ambitus
235 3510 313 3572 male
335 3509 478 3588 narrabit,
498 3528 572 3591 quos
589 3519 727 3590 parentas
742 3506 891 3584 hebuerit,
914 3506 1096 3588 quemadmo·
1189 3527 1288 3656 Ap
