2608 3948
388 215 874 286 rusn.onnncn.n1n.111,a.t.
1067 211 1123 270 111

126 373 267 434 desinon
288 383 402 453 potest,
423 383 469 450 nt,
498 391 562 434 cum
585 382 676 433 totum
700 391 737 432 ex
760 372 890 452 partibus
913 383 1041 451 constet,
1068 391 1126 436 non

125 459 182 518 sint
198 467 296 538 partes
312 460 418 533 totius,
442 475 480 517 ex
501 456 604 536 quibus
623 464 746 517 constat.
781 457 923 518 Videntur
937 466 1032 518 autem
1046 459 1125 536 mibi,

125 543 173 619 qui
190 541 264 603 baec
280 559 372 620 opera
387 542 537 615 dixemnt,
559 557 596 600 eo
612 557 729 619 quoque
744 542 831 616 moti,
855 542 933 619 quod
948 544 977 602 in
993 542 1126 603 alia-rur-

125 643 174 685 sus
196 625 339 686 divisione
360 624 473 685 nollent
494 626 523 685 in
543 625 619 685 idem
640 641 745 689 nomen
762 624 907 701 incidere,
929 635 1029 704 partes
1052 627 1127 686 enim

124 708 289 770 rhetorices
311 727 379 769 esse
403 706 537 768 dicebant
560 707 798 784 laudativam,
823 709 1125 785 deliberativam,

123 791 349 852 iudicialem.
388 791 470 864 Quae
495 793 520 850 si
545 800 644 870 partes
670 801 750 868 suut,
773 794 911 852 materiae
936 803 1002 853 sunt
1027 796 1125 872 potius

126 893 211 954 quam
228 875 307 934 artis.
342 874 471 953 Namque
489 877 517 934 in
535 873 580 935 bis
597 875 717 952 singulis
738 875 886 937 rhetorice
902 886 962 937 tcta
980 887 1040 946 est;
1061 879 1127 956 quia
1136 886 1169 941 15

125 968 155 1018 et
170 960 364 1019 inventionem
380 968 409 1018 et
425 960 645 1039 dispositionem
662 968 691 1018 et
707 960 901 1020 elocutionem
917 969 947 1020 et
961 963 1127 1021 memoriam

126 1051 156 1103 et
170 1044 429 1122 pronuntiationem
446 1059 636 1121 quaecunque
652 1061 750 1103 earum
765 1043 920 1104 desiderat.
948 1044 1048 1124 ltaque
1065 1047 1126 1124 qui-

125 1125 188 1186 dam
204 1144 313 1203 genera
334 1129 388 1187 tria
410 1127 574 1187 rhetorices
590 1128 689 1188 dicere
709 1127 884 1204 maluerunt,
907 1131 1016 1207 optime
1032 1129 1127 1190 autem

52 1262 57 1273 .
124 1211 162 1286 ii,
185 1227 258 1288 quoe
275 1218 393 1271 secutus
410 1209 595 1286 estGicerc,
618 1228 752 1288 genera
775 1229 972 1271 causarum.

364 1427 367 1434 ,
405 1362 493 1422 nunu
510 1363 643 1414 annuns
661 1363 848 1418 unusnnuu.
1131 1421 1135 1428 ,

209 1458 259 1519 tv.
287 1458 347 1520 Sed
362 1460 416 1518 tria
431 1477 466 1518 an
481 1460 564 1536 plura
580 1462 647 1537 sint,
665 1460 825 1539 ambigitur.
853 1459 917 1522 Nec
932 1460 1018 1521 dubie
1033 1477 1127 1541 prope

126 1560 226 1604 omnes
247 1543 347 1621 utique
372 1559 498 1602 summae
522 1543 597 1622 apud
617 1548 749 1623 antiquos
770 1546 949 1606 auctoritatis
965 1546 1126 1624 scriptores

125 1625 317 1688 Aristotelem
332 1628 439 1703 secuti,
464 1629 512 1706 qui
527 1629 641 1687 nomine
659 1637 766 1690 tantum
781 1629 840 1689 alio
857 1631 1056 1692 condonatam
1071 1645 1125 1708 pro

125 1710 316 1772 deliberativa
332 1710 472 1789 appellat,
488 1711 543 1781 bac
557 1714 712 1789 partitione
727 1715 855 1774 contenti
871 1713 996 1774 fuerunt.
1017 1712 1151 1778 Veruma

126 1804 156 1855 et
174 1804 234 1855 tum
254 1793 361 1854 leviter
380 1804 425 1854 est
448 1804 633 1874 temptatum,
657 1815 720 1856 cum
741 1797 816 1876 apud
838 1795 967 1858 Graecos
987 1797 1127 1875 quosdam

126 1887 184 1938 tum
206 1877 282 1956 apud
297 1876 469 1939 Ciceronem
491 1881 520 1938 in
541 1879 622 1938 libris
643 1880 680 1941 de
698 1878 838 1956 Oratore,
863 1890 892 1940 et
914 1899 990 1940 nunc
1003 1881 1126 1939 maximo

125 1970 288 2040 temporum
302 1971 466 2023 noseorum
486 1970 606 2023 auctore
622 1981 717 2043 prope
732 1963 901 2041 impulsum,
920 1973 1024 2024 utnon
1040 1963 1126 2024 modo

123 2045 209 2126 plura
227 2045 302 2105 baec
316 2063 427 2124 genera
442 2047 494 2107 sed
512 2064 606 2126 paene
623 2047 841 2108 innumerabilia
856 2047 1016 2108 videantur.
1055 2045 1152 2112 Nemo

126 2131 151 2190 ei
166 2128 300 2191 laudandi
322 2147 357 2190 ac
371 2130 553 2209 vituperandi
576 2131 703 2194 officium
721 2133 749 2191 in
766 2141 850 2210 parte
872 2133 956 2193 tertia
979 2132 1126 2210 ponimus:

124 2215 153 2274 in
169 2230 226 2292 quo
242 2231 354 2292 genere
371 2217 483 2275 versari
493 2215 663 2292 videbimur,
680 2233 744 2275 cum
760 2218 916 2294 querimur,
933 2215 1127 2292 consolamur,

124 2298 303 2374 mitigamus,
329 2300 522 2374 concitamus,
550 2308 709 2375 terremus,
739 2300 954 2375 confirmamus,
983 2301 1127 2378 praecipi·

124 2399 205 2455 mue,
226 2380 353 2440 obscura
373 2382 450 2442 diota
470 2383 708 2461 interpretamur,
734 2401 899 2458 narramus,
925 2383 1126 2462 deprecamur,

124 2465 234 2542 gratias
250 2465 377 2540 agimus,
400 2464 593 2541 gratulamur,
621 2465 823 2543 obiurgamus,
843 2465 1056 2543 maledicimus,
1077 2466 1127 2527 de·

125 2545 294 2622 scribimus,
315 2548 496 2624 mandamus,
520 2551 731 2626 renuntiamus,
756 2559 906 2629 optamus,
928 2551 1078 2629 opinamur
1099 2559 1129 2609 at

124 2631 249 2711 plurima
265 2628 342 2691 alia?
363 2641 395 2691 ut
414 2633 482 2692 milri
497 2634 525 2692 in
543 2633 595 2693 illa
616 2641 719 2692 vetere
739 2633 932 2712 persuasione
948 2634 1155 2712 permanendo

124 2715 207 2776 velut
223 2715 349 2796 petenda
371 2717 409 2775 sit
427 2717 527 2792 venia,
551 2716 822 2796 quaerendumque,
847 2733 905 2795 quo
926 2719 996 2777 moti
1012 2719 1127 2795 priores

125 2817 187 2860 rem
204 2809 261 2859 tam
277 2799 336 2860 late
357 2799 451 2860 fusam
467 2809 524 2860 tam
542 2799 671 2860 breuiter
685 2801 878 2861 astrinxerint.
918 2799 999 2876 Quos
1017 2803 1065 2880 qui
1081 2819 1127 2862 er·

124 2902 209 2944 rasse
223 2893 339 2963 putant,
361 2884 553 2945 bccsecutos
570 2881 758 2961 arbitrantur,
781 2885 859 2963 quod
876 2886 904 2946 in
920 2886 964 2947 bis
982 2885 1046 2946 iere
1060 2905 1127 2947 ver-

125 2970 184 3028 sari
201 2978 259 3029 tum
275 2977 409 3030 oratores
426 2968 576 3038 uidebant;
601 2986 665 3029 nam
687 2978 715 3029 et
733 2969 834 3031 laudes
852 2987 887 3030 ac
900 2971 1152 3050 vituperationcao

125 3051 342 3128 scribebantur,
363 3063 393 3114 et
413 3050 585 3130 ἐπιταφίους
601 3052 700 3114 dicere
721 3061 783 3114 crat
803 3055 908 3131 moris,
931 3063 962 3114 et
976 3053 1127 3133 plurimum

126 3136 156 3195 in
172 3136 301 3195 consiliis
317 3154 353 3196 ac
367 3136 479 3198 iudiciis
495 3137 690 3198 insumebatur
705 3155 832 3217 operae,
850 3147 881 3198 ut
895 3139 1056 3216 scriptores
1071 3136 1126 3196 Ar-

126 3219 197 3281 tium
217 3235 272 3298 pro
295 3219 367 3280 solis
393 3220 665 3299 comprehenderint
685 3221 929 3302 frequentissima.
976 3217 1032 3293 Qui
1052 3232 1149 3286 verce

115 3301 298 3378 defendunt,
326 3304 379 3362 tria
400 3302 508 3365 faciunt
527 3323 637 3382 genera
664 3306 838 3367 auditorum:
862 3321 965 3378 unum,
986 3303 1063 3381 quod
1091 3305 1127 3366 ad

126 3387 351 3448 delectationem
367 3389 535 3464 conveniat,
557 3389 695 3466 alterum,
720 3390 798 3468 quod
820 3387 971 3447 consilium
991 3389 1126 3467 accipiat,

125 3475 258 3549 tertium,
282 3469 359 3550 quod
375 3470 412 3531 de
429 3473 524 3532 causis
540 3472 665 3537 iudicet,
684 3471 754 3534 Mihi
770 3479 873 3534 cuncta
889 3472 1001 3532 rimanti
1017 3481 1046 3532 et
1060 3472 1127 3534 talis
