2608 3948
373 226 462 276 insu.
480 225 629 275 cresson.
648 226 717 274 mn.
736 226 791 292 tv,
806 222 832 274 a.
1056 215 1114 276 lte

116 377 300 459 bortergo?
316 351 418 441 eadem
431 377 631 459 exponemus?
651 381 683 439 Si
698 380 735 440 <le
753 379 892 459 qualitate
908 381 1013 458 agitur,
1031 379 1113 440 culus

114 473 173 526 tum
188 463 300 525 demum
316 464 449 544 quaestio
464 472 521 540 est,
539 481 603 524 cum
618 462 655 524 de
671 480 704 522 re
719 472 850 538 constat,
868 463 970 524 eadem
986 463 1113 524 sednon

11 558 14 564 '
115 548 218 610 eodem
238 548 339 617 mosl03
361 547 432 607 allas
455 565 573 624 causas,
599 547 683 607 aliam
705 554 845 622 mentem,
867 546 952 608 aliam
971 549 1112 609 rationem

114 627 199 693 elabo'.
234 629 342 692 Verbis
357 631 476 691 elevare
492 631 632 710 quaedam
651 629 765 699 licebit:
789 629 901 692 luxurie
917 630 1110 708 liberalitatis,
1121 633 1154 692 tr

113 717 232 778 auaritia
251 717 461 794 parsimoniae,
482 714 660 792 negligentia
681 714 871 794 simplicitatis
891 716 1005 776 nomine
1022 716 1112 777 lenie-

113 809 169 859 tur.
207 798 296 859 Vultu
319 799 460 877 denique,
483 816 576 874 roco,
604 796 701 859 bebitn
725 797 774 858 vel
799 799 908 860 favoris
935 799 1043 878 aliquid
1063 800 1113 861 rel

112 883 306 944 miserationis
327 881 473 944 merebor.
511 881 594 942 Solet
616 897 817 962 nonnunquam
837 898 956 942 morere
978 883 1112 943 lacrimas

113 967 177 1046 ipse
193 966 351 1028 confessio.
382 966 480 1046 Atque
495 982 553 1044 ego
574 965 699 1026 libenter
715 967 908 1044 interrogem,
925 967 982 1027 siut
996 966 1046 1027 illa
1061 969 1111 1029 ‹le-

113 1049 240 1126 iensuri,
264 1067 338 1130 quae
360 1067 418 1111 uon
436 1051 635 1127 narraverint,
656 1047 770 1110 necne?
805 1048 877 1110 Nam
898 1052 923 1110 si
944 1067 1039 1128 neque
1061 1051 1110 1112 ‹le-
1120 1051 1154 1106 78

112 1132 257 1194 temlerint
279 1151 374 1213 neque
396 1135 592 1210 manauerint,
611 1142 673 1194 tote
689 1149 776 1194 censa
791 1134 945 1211 prestetum
969 1143 997 1194 at
1016 1136 1040 1193 si
1062 1136 1111 1196 de-

112 1217 222 1278 fensuri
237 1227 316 1278 suut:
333 1234 500 1298 proponere
517 1225 598 1276 certe
613 1216 784 1295 plerumque
799 1216 845 1292 id,
869 1216 946 1295 quod
962 1217 1110 1277 confirma·

111 1302 168 1362 turi
195 1319 309 1377 sumus,
336 1309 463 1380 oportet.
507 1298 565 1360 Gur
591 1316 663 1377 ergo
685 1316 743 1360 non
766 1311 959 1378 exponamus,
983 1301 1061 1380 quod
1083 1310 1112 1361 et

112 1384 181 1445 dilui
201 1393 319 1463 potest,
342 1393 389 1460 et,
412 1393 443 1443 ut
463 1383 522 1444 lroc
542 1385 705 1461 contingat,
726 1385 826 1463 ntique
843 1383 1023 1446 indicandum
1045 1381 1111 1444 esti

112 1467 171 1527 Aut
199 1468 266 1546 quil
291 1469 367 1526 inter
391 1466 593 1546 probationem
618 1476 648 1527 et
672 1468 864 1529 narrationem
889 1470 1027 1544 interest,
1057 1469 1153 1531 uisitb

112 1551 190 1629 quod
215 1552 342 1612 narratio
366 1559 411 1611 est
433 1549 613 1629 probationis
639 1553 773 1612 continua
799 1553 981 1631 propositio,
1011 1570 1111 1612 rursus

111 1633 246 1713 probatio
262 1635 417 1695 narrationi
436 1651 600 1711 congruens
621 1632 820 1706 confirmatio?
854 1635 1010 1697 Videamus
1026 1652 1110 1713 ergo,

111 1736 177 1778 num
200 1716 273 1779 baec
298 1719 444 1797 expositio
468 1719 584 1796 longior
605 1719 717 1779 demum
740 1718 846 1779 debent
869 1737 954 1795 esee,
977 1727 1007 1778 et
1022 1719 1110 1798 paulo

112 1801 266 1863 nerbosior
277 1803 501 1882 praeparatione
516 1811 546 1862 et
559 1801 727 1879 quibusdam
741 1804 927 1879 argumentis,
944 1802 1110 1880 (argumen-

110 1888 149 1946 tis
163 1889 247 1962 dico,
268 1902 326 1945 nou
347 1887 630 1966 argumentatione),
653 1887 699 1946 eui
714 1894 811 1946 tamen
828 1885 981 1965 plurimum
997 1887 1110 1948 confert

111 1970 251 2049 frequens
277 1969 444 2031 alfimuatio:
475 1965 650 2052 Effecturos
672 1987 745 2047 noe,
774 1971 856 2048 quod
877 1969 1025 2038 dietmare
1051 1989 1111 2032 nou

109 2070 200 2133 posse
214 2055 274 2116 ωἰιι
293 2073 398 2116 rerem
418 2052 540 2116 emendi
552 2054 657 2132 prime
676 2055 881 2133 mponttoaee
903 2061 1064 2135 aspectent
1082 2061 1112 2116 et

110 2138 268 2217 opiniones
287 2157 364 2200 eone
383 2138 528 2221 differant
548 2145 577 2200 et
597 2138 673 2200 bene
692 2146 825 2217 sperent.
861 2136 994 2218 Denique
1009 2138 1153 2216 uriqueeo

110 2221 280 2283 uomendum
295 2231 356 2299 est,
378 2221 514 2302 quidquid
536 2221 636 2297 aliter,
657 2238 742 2299 quam
763 2220 945 2284 adversarius
962 2223 1108 2301 exposuit,

111 2307 222 2365 narrari
237 2314 349 2384 potest;
370 2315 418 2366 aut
433 2308 519 2366 etiam
530 2307 680 2384 prooemia
695 2313 761 2366 sunt
779 2307 808 2366 in
822 2304 868 2366 bis
889 2307 985 2366 causis
1007 2323 1109 2384 super·

109 2405 220 2464 vacua,
245 2405 319 2467 qnae
343 2389 410 2467 quid
431 2390 523 2467 magis
544 2397 647 2466 agunt,
672 2403 756 2467 quam
779 2398 810 2448 ut
832 2390 990 2465 cognitioni
1013 2405 1110 2448 rerum

110 2471 401 2533 accommodatiorem
423 2472 547 2533 iudicem
568 2468 696 2532 iaciant?
735 2471 832 2550 Atque
857 2471 1017 2548 constabit,
1042 2490 1109 2532 nus·

111 2571 196 2634 quam
219 2571 286 2616 esse
310 2570 409 2616 eornm
428 2556 566 2616 maiorem
588 2571 684 2633 usum,
704 2571 788 2633 quam
809 2553 858 2616 ubi
875 2557 984 2615 animus
1006 2553 1109 2616 iudicis

110 2637 146 2700 sb
171 2637 267 2718 eliqua
291 2647 391 2700 contra
411 2656 465 2699 uos
484 2639 570 2698 insita
591 2635 728 2716 opinione
750 2637 911 2698 flectendus
936 2646 991 2698 est.
1034 2636 1107 2698 Gon·
1116 2641 1150 2696 81

108 2723 267 2783 iecturales
283 2732 380 2784 autem
395 2739 519 2798 causae,
541 2720 690 2801 inquibus
712 2721 749 2781 ule
769 2721 848 2782 facto
864 2723 1029 2801 quaeritur,
1052 2740 1109 2782 nou

108 2815 166 2868 tam
184 2824 275 2886 saepe
290 2809 350 2885 rei,
369 2808 405 2868 de
422 2823 478 2886 qua
493 2805 628 2866 iudicium
642 2813 704 2880 est,
726 2822 811 2883 quam
826 2820 942 2882 eorum,
966 2824 1020 2885 per
1034 2822 1108 2885 quae

108 2908 157 2950 res
173 2891 338 2969 colligenda
359 2901 420 2968 est,
442 2890 655 2970 expositionem
676 2887 791 2950 habent.
825 2888 922 2967 Quae,
942 2908 1006 2951 oum
1022 2909 1107 2951 aecu-

108 2983 190 3036 sator
216 2976 381 3055 suspiciose
404 2983 520 3048 narret,
549 2991 618 3034 reus
646 2974 745 3034 levare
770 2974 966 3052 suspicionem
991 2973 1107 3048 debeat,

110 3057 196 3117 aliter
210 3057 319 3119 abhoc
334 3069 421 3140 atque
437 3059 473 3120 ab
489 3057 541 3118 illo
558 3057 594 3118 ad
614 3057 737 3118 iudicem
758 3057 883 3136 perierri
905 3065 1032 3137 oportet.
1069 3055 1150 3115 Atsst

110 3142 185 3200 eninr
204 3143 344 3219 quaedam
359 3150 527 3221 argumenta
544 3141 627 3202 turba
641 3140 754 3216 valent,
774 3140 888 3202 diducta
904 3140 1015 3202 leviora
1032 3147 1106 3199 sunt.

108 3221 141 3284 ld
157 3223 273 3302 quidem
286 3241 344 3284 non
359 3242 396 3286 eo
412 3228 555 3305 pertinet,
574 3233 605 3284 ut
620 3232 791 3304 quaeratur,
811 3242 847 3285 an
868 3223 1038 3284 narrandum
1055 3222 1109 3284 sed

110 3307 256 3386 morundo
270 3308 440 3371 narrandum
456 3305 515 3370 siti
541 3306 612 3368 Nem
627 3317 657 3366 et
673 3325 836 3384 congerere
852 3307 975 3386 plurima
990 3307 1107 3385 exposi-

107 3391 188 3452 tione
211 3392 275 3470 quis
294 3391 446 3471 probibet,
469 3393 494 3451 si
515 3391 543 3451 tt
565 3391 636 3451 utile
657 3399 712 3452 est.
725 3406 848 3466 causae,
869 3399 898 3450 et
919 3391 1106 3469 promittere:

108 3475 207 3539 sedet
229 3475 360 3539 (lividere
375 3476 567 3538 narrationem
588 3483 618 3534 et
640 3473 829 3554 probationes
851 3473 1026 3553 subiungere
1041 3491 1107 3554 par·
