2608 3948
196 169 237 234 88
512 187 550 234 u.
565 185 644 233 ann.
662 184 882 244 Qommmanr

195 341 330 400 virtutem
345 349 527 421 putaverunt.
566 339 608 399 lta
630 340 704 399 eninr
729 339 798 398 dicit
819 343 872 418 (ut
894 339 966 418 ipsis
984 357 1084 402 eorum
1100 339 1206 403 verbis

195 433 275 500 utar,
297 425 344 502 qui
364 423 439 486 haec
461 442 498 484 ex
521 422 633 484 Graeco
657 422 894 503 transtulerunt):
917 421 1154 487 Arsinoentrio
1174 435 1206 488 et

195 509 367 570 indicatrix
385 517 414 571 et
431 509 603 570 nuntiatio
618 507 737 568 decerni
754 514 866 568 ornatu
884 509 1054 571 secondum
1068 511 1204 572 mensio-

195 611 264 654 nem
278 593 354 669 nus,
369 593 453 672 quod
466 593 500 653 in
516 606 556 671 qn
595 610 635 652 oe
653 597 752 670 potest
764 593 843 652 romi
855 592 1071 670 persuasibile,
1086 593 1118 655 in
1132 613 1203 654 mo-

152 679 273 739 tuterio
288 677 380 741 cicili
421 674 552 754 itemque
608 673 776 735 ornelias
793 671 945 752 Celsus,
967 678 1014 755 qui
1032 676 1118 736 linem
1133 675 1203 738 rhe-

195 761 302 821 torices
326 761 366 820 ait
385 761 491 822 dicere
508 759 758 839 persuasibiliter
775 761 808 820 in
832 761 928 822 dnbio
950 761 1033 823 cicili
1056 763 1203 824 noterio.

195 843 305 918 Quibus
322 851 387 903 sunt
402 860 460 904 non
475 842 649 919 dissimiles,
667 844 715 921 qui
732 842 768 902 ab
784 842 848 903 aliis
864 844 1027 914 traduntur;
1045 845 1138 924 qualis
1155 854 1204 905 est

193 927 261 1002 ille,
287 924 340 988 Vis
360 929 489 991 videndi
509 936 538 990 et
551 929 714 1006 eloquendi
735 928 776 989 de
789 928 883 990 rebus
898 929 1038 992 noiibus
1052 929 1200 992 nohiectic

192 1010 253 1072 eidi
268 1030 337 1072 corn
352 1013 489 1091 quodum
506 1013 711 1092 persuasione
732 1019 761 1073 et
780 1012 913 1090 quodum
934 1014 1074 1092 corporis
1092 1013 1202 1075 habitu

151 1102 352 1174 meteoron,
369 1098 565 1176 praedicet,
584 1097 839 1175 pronuntiatione.
873 1095 953 1156 hlille
975 1096 1047 1173 alia,
1075 1097 1128 1157 sed
1151 1106 1201 1158 aut

194 1177 295 1239 eadem
310 1189 358 1240 aut
374 1199 412 1240 ex
427 1180 537 1242 eisdem
553 1181 729 1259 composita;
754 1180 858 1262 quibus
880 1182 959 1257 item,
977 1199 1041 1241 curn
1057 1181 1093 1241 de
1108 1189 1198 1243 mate·

193 1264 235 1322 ria
250 1262 414 1326 rhetorices
430 1264 581 1326 dicendum
606 1265 676 1339 erit,
701 1263 952 1342 respondebimus.
990 1264 1111 1338 Quidam
1135 1281 1199 1326 eam

192 1364 287 1425 neque
309 1349 367 1407 vim
389 1365 484 1425 neque
509 1349 660 1408 seientiam
686 1364 782 1424 neque
806 1357 898 1408 artem
921 1358 1110 1428 putaverunt,
1144 1349 1199 1409 sed

193 1426 383 1490 Critolaus
400 1450 490 1492 orum
502 1432 628 1493 dicendi
645 1430 725 1508 (nam
737 1430 794 1491 hcc
804 1423 890 1512 τριβὴ
898 1433 1068 1512 significat),
1083 1431 1198 1494 Athe-

192 1529 304 1572 naeus
327 1514 461 1592 foltendi
474 1522 583 1576 ortem.

149 1604 183 1658 Ἃ
275 1596 412 1676 Plerique
440 1607 553 1675 autem,
581 1599 646 1659 dum
673 1616 766 1678 pauca
795 1618 832 1660 ex
853 1598 960 1678 Gorgia
982 1599 1158 1660 Platonis
1183 1618 1197 1663 a

98 1693 102 1700 ·
191 1678 337 1758 prioribus
358 1683 491 1762 imperite
513 1692 653 1762 excerpta
676 1684 778 1762 legere
805 1686 933 1744 contenti
956 1701 1052 1762 neque
1073 1683 1131 1744 hcc
1153 1692 1197 1744 to·

190 1772 249 1823 tum
266 1781 362 1843 neque
377 1766 433 1828 alia
450 1769 512 1828 eius
527 1768 672 1828 volumina
687 1767 836 1842 evolvunt,
853 1769 882 1827 in
899 1769 1051 1828 minimum
1066 1785 1197 1830 errorem

190 1847 367 1926 inciderunt,
391 1852 570 1930 creduntque
588 1869 652 1910 eum
667 1853 696 1911 in
710 1851 765 1912 hac
786 1869 853 1912 esse
871 1852 1024 1930 opinione,
1048 1860 1078 1910 ut
1097 1851 1196 1911 rheto-

189 1933 271 1992 ricen
292 1951 349 1994 non
371 1944 463 1996 artem
490 1935 544 1995 sed
562 1936 707 2015 peritioni
727 1937 885 2014 qnondam
902 1937 1027 2015 protioe
1046 1954 1087 1997 oc
1110 1939 1197 2000 octn-

148 2019 284 2095 lbptotie
305 2021 466 2088 existimet;
492 2028 520 2080 et
545 2019 602 2080 alio
619 2019 688 2079 loco
706 2020 862 2081 civilitatis
873 2020 1053 2100 porticulus
1066 2021 1195 2082 emulo-

191 2117 278 2162 crnm
308 2110 338 2160 et
365 2110 508 2180 quartum
531 2112 654 2183 portem
673 2103 877 2181 adolationis,
904 2104 981 2181 quod
1004 2102 1075 2164 dues
1097 2113 1197 2184 partes

191 2183 338 2244 civilitatis
355 2187 473 2263 corpori
489 2188 637 2264 assignet,
657 2186 829 2247 medicinam
849 2196 879 2248 et
904 2204 987 2266 quarn
1002 2189 1196 2266 interpretan-

191 2275 236 2325 tur
258 2269 516 2346 exercitatricem,
539 2271 610 2331 duas
637 2271 747 2347 animo,
775 2271 903 2350 legalem
931 2281 1018 2349 atque
1045 2273 1195 2340 iustitiam

127 2352 130 2358 '
190 2348 384 2411 adulationem
396 2361 491 2412 autem
502 2354 663 2415 medicinae
673 2363 762 2415 vocet
776 2372 915 2416 cocorum
930 2355 1092 2431 artificium,
1110 2374 1195 2416 exer·

191 2435 328 2496 citatricis
343 2449 530 2516 mangonum,
550 2440 597 2516 qui
614 2439 745 2499 colorem
768 2440 836 2500 inco
853 2449 882 2500 et
898 2457 1000 2499 verum
1014 2438 1105 2500 robur
1119 2440 1195 2500 inani

189 2521 491 2596 sagina'mcntiantun
507 2522 613 2601 legahs
629 2523 853 2599 cavillatricem,
871 2524 996 2584 iustitiae
1014 2523 1193 2584 rhetoricen.

147 2611 181 2665 26
188 2601 270 2676 Quae
288 2607 382 2666 omnia
398 2616 464 2667 sunt
480 2607 596 2685 quidem
617 2609 726 2686 scripta
745 2610 774 2668 in
789 2608 846 2670 hoo
862 2606 937 2668 libro
955 2608 1091 2685 dictaque
1107 2625 1123 2668 a
1140 2607 1194 2668 So-

190 2697 285 2764 crate,
310 2691 390 2749 cuius
412 2707 538 2768 persona
558 2690 673 2751 videtur
696 2691 778 2752 Plato
802 2692 967 2769 significare
989 2691 1057 2769 quid
1072 2693 1194 2760 sentiat;

188 2770 241 2830 sed
256 2771 305 2832 alii
321 2782 387 2833 sunt
405 2775 467 2833 eius
476 2792 627 2853 sermones
639 2777 675 2837 ad
689 2777 904 2854 coarguendos,
922 2778 971 2855 qui
983 2783 1085 2836 contra
1096 2776 1194 2854 dispu-

188 2863 258 2930 tant,
279 2859 444 2935 compositi,
462 2876 536 2938 quos
557 2851 740 2940 ἐλεγκτικῶς
755 2869 876 2937 vocant,
894 2859 942 2920 alii
958 2859 994 2919 ed
1010 2860 1194 2938 praecipien-

145 2935 268 3015 27d¹1¹t1‚
292 2941 340 3018 qui
357 2941 528 3022 δογματικοὶ
543 2943 735 3023 appellantur.
773 2945 913 3005 Socrates
930 2953 1025 3004 autem
1040 2943 1194 3026 sencino

188 3039 250 3084 eam
266 3024 393 3103 quidem,
420 3044 494 3105 quae
509 3036 568 3088 tum
591 3026 795 3104 exercebatur,
812 3027 980 3089 rhetoricen
994 3027 1081 3087 talem
1097 3037 1192 3106 putat,

186 3125 250 3168 nam
268 3116 298 3168 et
310 3109 380 3172 dicit
391 3111 435 3171 his
450 3112 549 3174 verbis
571 3115 672 3172 reiron
694 3105 746 3172 τὸν
763 3103 887 3192 τρόπον,
908 3103 944 3175 ὃν
959 3104 1043 3190 ὑμεῖς
1059 3103 1194 3172 πολιτεύ-

185 3196 265 3270 εσθε,
283 3211 383 3254 veram
401 3206 496 3256 autem
510 3205 540 3256 et
555 3193 706 3255 honestam
722 3197 868 3274 intelligit.
910 3195 1014 3274 ltaque
1034 3196 1193 3275 disputatio

185 3275 236 3337 illa
253 3287 354 3339 contra
371 3277 498 3358 Gorgian
512 3282 551 3340 ita
568 3279 726 3356 clauditur,
748 3271 859 3342 cincio
880 3271 998 3361 ἀνάγκη
1008 3271 1060 3340 τὸν
1075 3277 1193 3360 ῥητορι-

185 3351 240 3422 niv
258 3361 374 3424 dinosco
391 3355 480 3438 εἶναι,
500 3354 552 3422 τὸν
570 3360 602 3424 δὲ
613 3363 730 3425 δίκαιον
745 3357 909 3445 βούλεσθαι
921 3365 1023 3426 δίκαια
1037 3356 1192 3448 necionem

142 3443 229 3506 uehi
253 3446 334 3526 quod
359 3443 411 3505 ille
438 3445 554 3528 quidem
581 3450 769 3526 conticescit,
798 3450 852 3510 sed
878 3465 1043 3510 sermonem
1069 3448 1194 3526 suscipit
