2592 3940
388 235 826 314 rusu.·onsuos.u1n.t⁷,1n.
1036 223 1108 286 229

106 417 179 463 eros
193 397 272 459 enim
286 394 441 458 adultero.
480 393 562 453 Prius
584 391 622 456 de
636 387 786 454 'adulterio
809 387 1036 454 convincendum
1052 402 1108 469 est,

106 493 148 560 ut,
167 499 230 542 oum
247 480 274 539 id
296 480 429 558 eoeperit
445 493 512 537 esse
529 491 583 554 pro
599 485 700 553 eerto,
717 475 766 537 iiat
781 477 884 537 incerti
900 485 1108 556 argumentum.

106 566 264 646 Spiculum
280 571 363 624 mam
376 563 409 623 in
423 577 552 639 corpore
563 561 658 622 ooos'si
667 561 821 622 inventam
833 569 893 628 est‚·
909 568 998 638 negat
1012 578 1109 629 suum;

103 658 136 710 ut
151 647 316 728 probationi
332 648 437 724 prosit,
453 643 632 724 probandum
648 652 703 704 est.
742 642 817 705 Illud
833 645 890 706 hoo
906 645 974 726 looo
989 649 1137 704 moneres

105 735 182 794 inter
197 727 364 790 necessaris
383 739 438 804 est,
455 727 533 788 nulla
554 744 622 786 esse
639 727 781 804 firmiora,
807 745 892 808 quam
914 743 989 809 quae
1005 745 1044 788 ex
1059 727 1110 788 du-

105 816 161 876 biis
176 816 253 876 iacta
268 822 333 873 sunt
348 821 437 875 oerta.
471 808 593 874 Caedes
606 830 627 896 o
643 821 671 872 te
688 813 850 896 commisso
867 821 929 889 est,
950 813 1111 875 omentum

105 902 186 962 enim
200 905 311 960 vestem
329 895 488 965 ‘induisti5
508 911 565 955 non
587 903 632 954 est
653 903 710 957 tam
731 914 823 975 grave
848 905 1064 974 argumentum,
1085 897 1110 956 si

105 983 214 1044 fatetur
233 982 357 1060 quamsi
376 979 564 1040 eonvinoitur.
601 977 674 1039 Nam
692 980 716 1038 si
731 979 854 1057 fatetur,
871 980 967 1041 multis
984 997 1023 1040 ex
1042 997 1109 1040 oau-

105 1068 146 1128 sis
162 1067 255 1145 potuit
270 1072 388 1124 eruenta
407 1081 475 1124 esse
490 1063 597 1130 vestis;
615 1065 641 1121 si
655 1072 760 1140 negat,
776 1063 823 1122 hio
839 1077 946 1125 oausae
963 1063 1109 1124 cardinem

104 1152 197 1230 ponit,
213 1152 242 1209 in
258 1165 317 1227 quo
334 1150 358 1207 si
373 1149 467 1208 vietus
483 1147 581 1222 inerit,
599 1148 684 1205 etiam
702 1147 929 1224 insequentibus
948 1149 1014 1206 ruit.
1043 1145 1110 1208 Non

106 1237 181 1294 enim
195 1233 309 1294 videtur
324 1234 353 1292 in
367 1231 502 1309 negando
517 1230 686 1288 mentiturus
701 1228 810 1304 fuisse,
832 1231 887 1290 nisi
909 1229 1109 1309 desperasset,

106 1318 135 1378 id
151 1334 241 1397 posse
257 1315 385 1390 deiendi,
400 1316 426 1374 si
443 1313 640 1373 eonfiteretur.
712 1327 714 1332 ’

189 1399 374 1460 Firmissimis
387 1405 620 1476 argumentorum
637 1395 942 1474 singuiisinstandum,
954 1397 1140 1457 infirmiores

106 1482 314 1561 congreganda
329 1490 410 1548 sunt;
435 1482 502 1559 quia
522 1480 573 1544 ilia
594 1497 649 1558 per
669 1498 702 1540 se
725 1481 812 1541 iortia
833 1497 892 1540 non
914 1489 1031 1558 oportet
1055 1482 1109 1540 oir-

106 1567 314 1628 oomstantibus
330 1564 500 1640 obscurare,
519 1572 560 1639 ut,
578 1563 674 1643 qualia
688 1573 764 1641 sunt,
781 1572 950 1643 appareant,
967 1564 1042 1626 haee
1058 1565 1109 1624 im·

9 1667 10 1670 ’
106 1651 214 1711 beoilla
229 1658 329 1709 natura
345 1657 442 1708 mutuo
458 1647 566 1708 auxilio
584 1650 770 1707 sustinentur.
801 1647 903 1726 Itaque
925 1649 949 1707 si
967 1664 1024 1707 non
1040 1655 1139 1727 pos-5

106 1744 172 1795 suni
187 1725 298 1808 ualere,
315 1735 382 1811 quia
401 1749 503 1809 magna
520 1732 585 1806 sint,
598 1731 749 1806 valebunt,
770 1733 837 1809 quia
852 1731 940 1790 mults
957 1740 1036 1799 sunt;
1057 1733 1109 1791 uti-

106 1837 164 1898 que
183 1834 256 1879 vero
274 1817 309 1876 ad
332 1813 461 1876 eiusdem
484 1816 527 1874 rei
543 1811 746 1893 probationem
766 1815 860 1874 omnia
883 1822 1026 1891 spectant.
1060 1813 1109 1889 Ut,

106 1903 131 1962 si
148 1905 211 1980 quis
226 1901 395 1961 hereditatis
415 1899 508 1977 gratia
530 1898 672 1957 hominem
689 1897 836 1958 oooidisse
859 1897 1002 1962 dinatum,
1015 1895 1110 1959 Here·

106 1987 232 2048 ditatam
248 1984 402 2064 speratas
418 1991 446 2045 et
465 2000 608 2062 magnam
624 1981 840 2056 hereditatem,
859 1989 887 2042 ot
899 1999 1024 2061 pauper
1039 2000 1112 2044 eros

107 2078 136 2133 et
150 2077 212 2131 tum
226 2069 361 2130 monime
381 2085 402 2128 a
417 2066 621 2150 oreditoribus
641 2066 853 2144 appellabaris
860 2087 874 2134 ,·
893 2073 922 2126 et
936 2067 1112 2150 offenderas

106 2171 184 2227 eum,
204 2154 292 2214 ouius
306 2167 379 2214 eras
392 2150 491 2224 ireres,
508 2158 537 2210 et
551 2157 737 2211 mutaturum
750 2149 874 2213 moetos
883 2150 1017 2212 scissos.
1046 2150 1109 2211 Sin·

105 2237 175 2313 gula
196 2235 273 2298 levia
297 2244 362 2294 sunt
384 2244 414 2293 et
429 2234 605 2308 eommunia,
627 2236 763 2294 universa
780 2248 853 2293 uero
875 2232 974 2295 ualent
996 2234 1108 2294 etiamsi

106 2336 164 2382 non
180 2328 211 2378 ut
227 2319 344 2378 fulmine
357 2327 452 2376 tannen
467 2325 498 2376 ut
510 2318 660 2394 grandine.

192 2401 340 2475 Quaedam
361 2409 528 2478 argumenta
556 2416 667 2478 ponere
694 2401 764 2459 satis
786 2417 843 2460 non
870 2408 926 2475 est,
952 2399 1139 2462 adiuuandae

107 2494 187 2546 sunt:
209 2485 368 2565 copiditas
381 2499 480 2546 eausa
493 2485 620 2545 sceleris
633 2482 708 2562 fnit,
732 2500 805 2561 quae
833 2484 872 2543 sit
888 2483 932 2542 vis
948 2484 1025 2551 eius;
1047 2487 1109 2560 ira,

107 2577 243 2649 quantum
265 2567 372 2628 eidoint
394 2569 422 2627 in
440 2567 539 2627 animis
556 2566 699 2626 hominum
714 2566 780 2626 talis
796 2565 930 2634 adeotio;
952 2569 990 2626 ita
1015 2577 1044 2626 et
1065 2567 1111 2628 iir-

106 2655 198 2712 mioro
214 2659 297 2712 erunt
314 2651 378 2729 ipsa
393 2659 423 2710 et
440 2651 506 2729 pius
522 2649 669 2710 habebunt
685 2651 818 2725 decoris,
842 2651 866 2708 si
888 2667 946 2709 non
967 2651 1060 2711 nudos
1082 2661 1111 2712 et

105 2737 187 2818 velut
205 2753 292 2796 earne
308 2735 450 2813 spoliatos
463 2743 542 2794 artos
554 2733 742 2794 ostenderint.
773 2732 891 2794 diuitum
907 2735 993 2795 etiam
1006 2734 1107 2810 refert,
1121 2745 1136 2802 7

107 2823 131 2881 si
155 2828 324 2897 argumento
345 2821 468 2880 nitemur
490 2817 565 2892 odii,
587 2826 687 2900 utrum
701 2817 759 2877 hoo
783 2835 821 2877 ex
842 2817 948 2878 inuidia
965 2819 1052 2880 sitan
1071 2837 1110 2878 ex

107 2905 207 2964 iniuria
226 2922 261 2964 an
276 2921 314 2964 ex
329 2902 451 2980 ambitu,
476 2911 560 2962 vetus
577 2919 612 2962 an
627 2919 748 2980 novum,
774 2901 913 2963 adversus
929 2903 1109 2978 interiorem,

107 3005 222 3069 parem,
252 2989 453 3072 superiorem,
482 2985 622 3062 alienum,
655 2987 857 3066 propinquum.
902 2987 978 3046 Suos
1003 2979 1132 3046 habent*

108 3072 202 3130 omnia
217 3072 272 3131 ista
296 3081 436 3132 traotatus
452 3079 482 3130 et
503 3070 538 3130 ad
555 3069 707 3130 utilitatem
722 3071 812 3148 partis
829 3071 912 3145 eius,
933 3087 1018 3148 quam
1046 3079 1109 3128 tue·

107 3171 180 3229 mur,
198 3153 352 3232 referenda
367 3162 442 3214 sont.
479 3152 543 3214 Neo
557 3163 652 3214 tomen
669 3154 798 3214 omnibus
814 3170 947 3230 semper,
972 3169 1047 3230 quae
1068 3154 1138 3217 ins

107 3237 283 3316 venerimus,
299 3239 474 3314 argumentis
490 3237 653 3299 onerandus
667 3247 715 3298 est
730 3238 833 3313 iudex,
858 3237 923 3314 quia
939 3244 968 3295 et
985 3236 1111 3314 taedium
1133 3277 1138 3284 .

107 3321 231 3382 afferunt
247 3329 276 3381 et
291 3319 376 3380 fldem
391 3320 552 3400 detrahunt.
590 3321 694 3401 Neque
719 3323 794 3380 enim
816 3327 915 3398 potest
937 3319 1025 3382 iudex
1044 3335 1109 3400 ore·

9 3451 10 3456 .
108 3406 179 3466 dere
209 3406 279 3464 satis
306 3421 375 3465 esse
403 3421 437 3465 ea
460 3407 607 3482 potentia,
639 3423 713 3483 quae
740 3420 797 3463 non
819 3404 1029 3482 putamus-ipsi
1050 3404 1109 3464 sui·

107 3489 199 3551 fleere
229 3489 277 3568 qui
304 3488 436 3549 diximus.
487 3486 519 3548 In
554 3487 641 3548 rebus
669 3495 752 3548 vero'
780 3487 888 3565 apertis
916 3485 1110 3566 argumentari

1244 3399 1287 3696 i
