2570 3946
191 197 233 262 64
477 279 481 292 ¹
505 214 541 261 n.
560 212 639 260 aas.
659 209 881 272 possusumus

101 362 104 366 ’
191 366 367 443 erraverint,
393 367 489 428 statim
505 367 703 445 corrigentem
727 374 757 426 at
772 366 904 429 indoctus
920 365 972 426 iile
987 365 1074 428 etiarn
1089 363 1202 445 proha·

190 452 232 512 hit
247 451 373 513 fortasse
388 451 494 512 uitiosa
512 459 541 512 et
556 450 677 528 placere
698 448 880 511 audientibus
900 449 1007 511 iudicio
1024 467 1077 511 suo
1094 460 1200 528 coget.

150 536 234 600 thit
250 551 323 614 ergo
338 543 396 596 tant
412 534 585 613 eloquentie
596 551 680 612 quam
696 534 825 595 moribus
840 534 1123 612 praestantissimus,
1148 535 1201 614 qui

191 620 226 681 ad
243 619 397 680 Phoenicis
411 618 558 680 Homerici
573 617 739 696 exemplum
754 618 854 679 dicere
870 636 906 678 ec
921 619 1022 682 facere
1038 617 1153 680 doceat.

281 771 325 822 nn
343 771 454 824 rannus
469 745 560 824 'anun
578 769 758 849 nonnosum
775 769 1099 824 nnnsomnnmmnus.

275 866 324 930 Ν.
353 868 426 929 hiinu
441 870 512 947 iem,
531 885 603 948 quas
619 868 727 947 primas
744 868 772 927 in
788 867 922 932 docendo
937 876 1037 947 partes
1047 867 1200 932 rhetorum

190 959 300 1032 putem,
317 951 433 1014 tradere
449 953 594 1032 incipiam,
610 952 699 1014 dilate
714 969 870 1032 parumper
881 950 931 1014 illa
943 969 1019 1031 quae
1031 949 1096 1013 sola
1106 952 1199 1031 vulgo

133 1035 135 1040 '
190 1043 313 1096 vocatur
329 1045 392 1098 erte
407 1036 564 1098 rhetorice.
599 1036 645 1097 Ac
660 1036 728 1097 mihi
745 1043 928 1115 opportunus
943 1036 1068 1098 maxime
1083 1035 1200 1097 ridetur

191 1120 341 1198 ingressus
357 1120 393 1182 ab
412 1139 459 1198 ec,
479 1122 560 1183 ouius
578 1119 686 1200 aliquid
704 1120 800 1181 simile
810 1120 890 1200 apud
902 1121 1108 1199 grammaticos
1124 1139 1200 1200 puer

161 1213 181 1274 ,a
192 1202 336 1267 didicerit.
375 1203 413 1266 Iit
434 1207 501 1287 quie
522 1207 732 1281 narrationum,
754 1213 880 1284 excepta
901 1221 959 1284 qua
986 1205 1015 1264 in
1031 1206 1127 1280 causis
1142 1207 1198 1266 uti·

191 1305 263 1364 mnu,
283 1297 342 1349 tres
360 1292 527 1369 accepimus
543 1291 675 1369 species,
692 1286 834 1364 fabulam,
853 1307 929 1368 quae
945 1296 1080 1350 versatur
1096 1290 1125 1349 in
1139 1297 1198 1350 tra·

190 1371 305 1449 goediis
323 1382 410 1452 etque
435 1372 623 1449 carminibus,
646 1381 704 1434 don
726 1391 743 1434 e
764 1374 888 1434 ueritate
902 1372 990 1434 modo
1008 1372 1062 1434 sed
1078 1375 1197 1435 etianna
1272 1409 1273 1414 κ

191 1457 284 1516 forme
299 1457 429 1518 veritatis
445 1466 570 1526 remota;
587 1465 802 1536 argumentum,
825 1456 1029 1536 quodfalsum
1050 1456 1103 1520 sed
1124 1474 1197 1518 vero
1272 1463 1273 1480 ¹

192 1539 285 1600 simile
309 1540 479 1602 comoediae
501 1541 623 1620 lingunt:
645 1541 810 1618 historiam,
833 1542 862 1601 in
884 1557 941 1620 qua
965 1549 1011 1601 est
1029 1550 1137 1619 ,gestae
1154 1543 1197 1602 rei
1272 1543 1273 1616 Ῠ

192 1624 354 1701 expositio;
373 1626 568 1702 grammaticis
585 1634 680 1687 autem
696 1626 828 1705 poetices
843 1624 990 1686 dedimus:
1008 1625 1084 1703 apud
1098 1624 1196 1686 rheto·
1272 1643 1273 1660 ¹

191 1725 252 1767 rem
273 1708 382 1769 initium
404 1709 441 1770 sit
461 1709 664 1786 historica,
687 1719 767 1771 tanto
788 1708 937 1770 robustior
959 1717 1066 1787 quanto
1086 1710 1195 1771 verior.

164 1790 251 1858 ssed
267 1792 402 1853 narrandi
415 1793 536 1873 quidem
552 1812 627 1873 quae
644 1793 728 1855 nohis
746 1795 854 1872 optima
870 1793 944 1854 ratic
960 1792 1111 1871 videatur,
1138 1803 1197 1857 tum

167 1909 169 1916 ‹
192 1875 467 1955 demonstrabimus,
492 1896 556 1939 cum
577 1876 614 1938 de
638 1877 766 1939 iudiciali
787 1887 871 1956 parte
893 1875 1033 1938 dicemus.
1080 1876 1197 1939 interim

192 1961 349 2022 admonere
365 1961 436 2022 iilud
452 1971 497 2032 set
509 1970 571 2038 est,
593 1970 624 2022 ut
648 1965 685 2022 sit
707 1980 742 2024 ea
759 1978 856 2040 neque
871 1959 951 2021 arida
968 1978 1090 2038 prorsus
1107 1971 1195 2042 atque

191 2043 303 2122 ieiuna,
322 2045 410 2124 (nem
433 2046 501 2124 quid
526 2063 600 2125 opus
623 2053 687 2107 erat
709 2054 819 2117 tantum
838 2043 939 2106 studiis
961 2044 1070 2106 laboris
1086 2046 1196 2126 impen-

191 2126 273 2203 dere,
292 2129 317 2187 si
332 2146 381 2189 res
397 2127 487 2188 nudas
504 2137 591 2208 atque
607 2131 754 2191 inornatas
770 2129 898 2192 indicere
916 2128 986 2190 satis
1009 2128 1195 2212 videretnri)

190 2227 286 2291 neque
309 2229 408 2272 rursus
431 2213 549 2272 sinuosa
570 2222 600 2273 et
620 2214 769 2275 arcessitis
790 2212 1053 2292 desculptionihns,
1078 2215 1196 2295 inques

164 2295 326 2374 dpleriqne
341 2296 498 2358 imitatione
515 2299 650 2376 poeticae
662 2297 798 2358 licentiae
811 2297 962 2374 ducuntur,
980 2297 1121 2358 lasciviat.
1145 2299 1196 2358 Vi-

187 2380 259 2439 tium
272 2389 439 2460 ntrumque;
458 2381 541 2461 peius
555 2391 651 2443 tamen
664 2381 746 2460 illud,
761 2382 839 2462 quod
854 2399 892 2443 ex
906 2382 1004 2461 inopie
1021 2399 1105 2460 qnam
1117 2384 1197 2462 quod

192 2482 230 2523 ex
246 2464 331 2543 copia
346 2465 434 2526 venit.
465 2463 538 2527 Nem
553 2467 582 2526 in
597 2466 696 2545 pueris
714 2468 807 2528 oratic
823 2465 957 2545 perfecta
972 2484 1029 2530 nec
1044 2468 1124 2545 exigi
1139 2485 1196 2529 nec
1272 2479 1273 2484 ’

191 2549 304 2627 sperari
319 2557 434 2627 potest;
456 2550 561 2610 melior
583 2559 678 2611 entem
697 2549 812 2616 indoles
834 2550 911 2612 lacte
927 2552 1126 2632 generosique
1144 2555 1195 2612 co-

162 2637 272 2694 cnutus
289 2642 318 2694 et
330 2633 379 2696 vel
395 2634 479 2713 plura
496 2635 572 2695 iusto
591 2634 760 2714 concipiens
776 2635 889 2698 interim
905 2635 1033 2714 spiritns.
1064 2633 1128 2696 Neo
1143 2653 1196 2696 un·

190 2735 275 2796 quarn
290 2735 336 2778 me
353 2719 383 2777 in
397 2717 441 2779 his
459 2718 599 2780 discentis
615 2720 695 2780 annis
712 2719 856 2796 offendat,
879 2720 988 2800 siquid
1005 2719 1194 2799 superfuerit.

190 2799 266 2873 Quin
281 2800 352 2880 ipsis
364 2800 534 2863 doctoribus
549 2801 607 2865 hoo
623 2821 690 2865 esse
706 2822 795 2866 curae
810 2804 909 2881 uelim,
927 2811 957 2866 ut
968 2811 1086 2866 teneres
1099 2801 1196 2864 adhue

189 2890 301 2944 mentes
316 2900 398 2946 more
421 2887 563 2946 nutricum
584 2886 700 2948 mollius
717 2889 796 2949 alent
813 2896 843 2949 et
859 2888 958 2951 satiari
972 2888 1054 2948 velut
1069 2886 1196 2968 quodam

188 2966 364 3028 iucundioris
382 2967 553 3047 disciplinae
569 2967 646 3030 lecte
663 2973 816 3048 patientur.
849 2971 913 3034 Erit
934 2972 1005 3034 illud
1022 2971 1137 3051 plenius
1151 2971 1196 3032 in·

189 3051 273 3112 terim
289 3068 414 3130 eorpus,
436 3050 513 3131 quod
535 3069 604 3113 mox
619 3053 715 3116 adulte
731 3065 811 3119 aetas
832 3058 982 3136 astringat.
1027 3056 1101 3118 Hinc
1123 3073 1196 3135 spes

160 3134 314 3196 traheris.
347 3134 471 3196 Meciem
486 3153 610 3218 namque
627 3147 656 3200 et
671 3140 862 3204 infirmitatem
883 3143 912 3203 in
926 3151 1077 3222 posterum
1092 3140 1197 3201 minari

189 3218 267 3279 sciet
287 3219 419 3296 protinus
443 3221 575 3282 omnihus
596 3224 731 3284 memhris
754 3243 914 3305 expressus
937 3228 1040 3289 iniens.
1078 3221 1198 3285 Audeat

187 3302 263 3362 haec
284 3310 365 3363 aetas
386 3304 470 3384 plura
492 3314 522 3367 et
542 3307 669 3369 inveniet
691 3317 720 3369 et
740 3310 866 3372 inventis
883 3310 1025 3389 gaudeat,
1049 3310 1106 3370 sint
1120 3308 1196 3370 licet

188 3385 239 3446 illa
254 3401 312 3446 non
329 3388 399 3449 satis
414 3391 495 3452 sicca
511 3391 624 3453 interim
640 3410 676 3452 ac
690 3411 806 3455 severe.
842 3393 943 3456 Facile
966 3393 1125 3456 remedium
1147 3403 1197 3454 est

161 3466 343 3543 tubertatis3
362 3475 473 3536 sterilia
488 3474 569 3536 nullo
585 3473 687 3536 labore
701 3477 864 3539 vincuntur.
894 3479 949 3541 illa
966 3479 1034 3539 mihi
1046 3477 1074 3536 in
1092 3477 1195 3555 pueris
