2570 3946
391 225 481 274 nasu.
495 225 645 274 aaaron.
661 225 730 272 uns.
748 225 762 272 1
766 256 776 291 ,
789 224 815 274 1.
1071 214 1089 276 7

95 381 182 442 dubie
197 380 279 460 prior
292 380 365 440 ratio
381 387 443 456 est,
458 387 541 440 recte
555 387 651 438 tamen
668 379 753 438 etiam
767 378 929 456 loquantur.
962 378 1021 440 llas
1037 381 1122 460 prr-c

94 483 170 526 mum
184 464 281 526 audiet
295 481 384 542 puer,
406 462 505 524 barum
518 461 608 522 verba
625 461 766 540 effingere
781 461 916 522 imitando
932 463 1092 524 conabitur.

93 547 132 610 Et
146 557 247 610 namra
262 548 438 609 tenacissimi
451 564 549 607 sumus
566 561 680 622 eorum,
703 562 777 625 quae
792 543 910 606 rudibus
931 549 1012 607 annis
1026 565 1093 627 per·

93 634 239 710 cepimus;
268 639 299 692 ut
320 645 424 709 sapor,
446 647 503 709 quo
519 647 596 690 nora
618 629 744 706 imbuas,
764 630 863 705 durat,
889 648 945 690 nec
965 630 1094 692 lanarum

94 713 233 791 colores,
258 713 362 793 quibus
377 713 502 793 simplex
514 714 570 780 ‚tlte
589 713 697 776 candor
716 721 839 774 mutatus
862 723 923 790 est,
946 715 1003 776 elui
1024 732 1092 793 pos-

92 808 169 859 sunt.
199 798 237 859 Et
251 798 326 858 baec
337 799 402 875 ipsa
417 798 509 874 magis
523 798 710 876 pertinaciter
723 795 854 872 haerent,
871 813 929 874 quo
946 799 1092 860 deteriora

93 890 170 943 sunt.
213 879 285 942 Nam
308 880 385 941 bona
407 880 496 940 facile
514 889 657 940 mutantur
680 883 709 941 iu
734 883 832 958 peins;
860 881 1040 959 numquando
1063 885 1093 942 in

93 965 201 1026 bouum
220 966 344 1026 verteris
366 961 455 1024 vitia?
483 963 549 1024 Non
568 973 720 1026 assuescat
741 980 831 1042 ergo,
854 982 891 1024 ne
912 965 978 1026 dnm
997 965 1091 1026 inians

93 1048 210 1126 quidem
225 1057 284 1124 est,
304 1049 448 1124 sermoni,
470 1049 518 1126 qui
533 1047 726 1108 dediscendus
741 1049 788 1107 sit.

178 1131 210 1193 In
221 1132 389 1211 pareatibus
400 1148 471 1192 vcro
486 1149 572 1209 quem
585 1131 738 1210 plurimum
750 1148 818 1192 esse
831 1131 999 1194 eruditionis
1011 1139 1120 1211 opta-6

93 1216 195 1276 verim.
232 1215 296 1276 Nee
317 1215 354 1276 de
373 1214 502 1295 patribus
521 1223 630 1276 tantum
648 1215 763 1293 loquor.
804 1213 877 1274 Nam
897 1213 1093 1276 Gracchorum

94 1299 280 1377 eloquentiae
295 1299 413 1360 multum
427 1298 586 1360 contulisse
602 1300 767 1377 accepimus
783 1295 948 1358 Corneliam
961 1307 1091 1376 matrem,

94 1385 175 1444 cuius
202 1382 386 1444 doctissimus
413 1399 509 1443 sermo
532 1385 561 1443 in
588 1392 725 1462 posteros
751 1397 867 1463 quoque
889 1389 935 1442 est
959 1381 1092 1461 epistolis

93 1465 229 1534 traditus:
252 1475 282 1525 et
301 1465 400 1527 Laelia
416 1464 449 1525 G.
466 1466 525 1526 lilia
541 1466 705 1527 reddidisse
725 1469 754 1527 in
777 1466 924 1545 loquendo
945 1475 1093 1544 paternam

94 1549 269 1626 elegantiam
283 1549 397 1624 dicitur,
414 1557 444 1607 ct
458 1548 631 1610 Hortensiae
646 1549 682 1624 Q.
695 1551 773 1612 libiae
787 1552 880 1612 oratio
895 1549 972 1630 apud
983 1547 1092 1610 Trium·

92 1635 173 1692 uiros
198 1631 294 1692 habita
320 1633 427 1709 legitur
451 1649 510 1692 non
535 1642 642 1695 tantum
668 1637 696 1695 iu
721 1653 809 1696 sexus
837 1635 987 1696 bonorem.
1030 1633 1117 1695 Neci

92 1718 240 1792 temerii,
263 1715 366 1795 quibus
386 1717 502 1776 discere
516 1719 589 1796 ipsis
603 1735 661 1778 non
682 1720 818 1796 contigit,
838 1720 977 1778 minorem
995 1735 1093 1778 curam

93 1800 217 1861 docendi
241 1800 355 1860 liberos
380 1799 521 1870 babeaut;
550 1801 603 1862 sed
628 1803 685 1861 sint
708 1811 830 1880 propter
852 1802 911 1862 boc
938 1804 1031 1880 ipsum
1056 1800 1093 1861 ad

93 1893 193 1945 cetera
215 1885 307 1961 magis
328 1882 495 1960 diligentes.

175 1966 220 2028 De
235 1967 351 2044 pueris,
372 1968 447 2026 inter
468 1983 542 2045 quos
565 1965 734 2030 educabitur
753 1967 805 2028 ille
825 1968 893 2030 huic
914 1968 979 2046 spei
1003 1966 1091 2028 desti-

92 2061 193 2126 natus,
214 2050 291 2112 idem
307 2050 386 2128 quod
405 2050 441 2110 de
455 2049 613 2112 nutricibus
628 2050 734 2112 dictum
753 2054 799 2113 sit.

175 2134 223 2196 Dc
240 2133 422 2214 paedagogis
443 2134 501 2196 boc
522 2134 661 2215 amplius,
681 2145 712 2196 ut
726 2145 775 2196 aut
791 2138 849 2196 sint
869 2135 972 2198 eruditi
994 2136 1118 2217 planca

92 2219 316 2298 quamprimum
337 2221 404 2279 esse
425 2235 523 2280 curam
543 2219 647 2295 velim,
668 2228 770 2280 autes
794 2237 852 2280 non
873 2238 941 2281 esse
962 2220 1092 2282 eruditos

91 2303 194 2363 sciant.
225 2301 303 2362 Nibil
319 2311 365 2362 est
385 2302 468 2382 peius
491 2305 543 2380 iis,
566 2304 615 2383 qui
630 2303 745 2381 paulum
766 2305 875 2383 aliquid
895 2303 969 2366 ultra
985 2305 1091 2384 primas

92 2385 204 2446 litteras
225 2387 378 2463 progressi
398 2385 501 2448 falsam
518 2385 573 2448 sibi
592 2389 733 2448 scientiae
754 2390 974 2467 persuasionem
992 2388 1091 2450 indue·

92 2477 167 2529 runt.
208 2467 281 2528 Nam
301 2477 331 2529 et
351 2469 458 2530 cedere
479 2471 677 2552 praecipiendi
701 2471 830 2551 partibus
855 2472 1039 2549 indignantur
1063 2480 1093 2531 et

91 2551 173 2612 velut
188 2553 250 2610 inre
271 2550 395 2629 quodam
415 2555 585 2630 potestatis,
608 2571 666 2633 pro
687 2555 752 2616 iere
767 2555 825 2616 boe
839 2555 983 2616 bominum
997 2572 1091 2632 genus

91 2636 266 2712 intumescit,
279 2637 428 2713 imperiosi
443 2645 530 2715 atque
541 2639 656 2700 interim
669 2640 835 2700 saevientes
849 2637 998 2698 stultitiam
1012 2654 1093 2697 suam

91 2721 264 2800 perdocent.
292 2718 356 2780 Nec
371 2721 463 2780 minus
478 2737 562 2780 error
577 2737 677 2782 eorum
690 2731 778 2782 nocet
792 2719 935 2790 moribus;
952 2721 1119 2800 siquidem9

91 2803 235 2866 Leonides
246 2799 407 2865 Alexandri
421 2803 622 2883 paedagogus,
638 2815 669 2866 ut
683 2825 699 2867 a
712 2805 873 2880 babylonio
885 2803 1020 2882 Diogene
1035 2815 1091 2866 tra·

92 2886 177 2964 ditur,
194 2887 364 2967 quibusdam
378 2889 533 2948 eum'vitiis
549 2888 658 2966 imbuit,
677 2906 750 2969 quae
765 2889 915 2951 robustum
930 2906 1047 2970 quoque
1063 2897 1093 2948 et

91 2971 148 3031 iam
158 2974 310 3032 maximum
321 2990 422 3050 regem
433 2971 470 3032 ab
481 2972 535 3034 illa.
542 2975 719 3035 institutione
731 2974 836 3053 puerili
848 2983 913 3036 sunt
925 2982 1090 3053 persecuta.

176 3055 208 3116 st
230 3057 275 3116 cui
289 3056 378 3119 multa
398 3055 501 3116 videor
516 3059 653 3134 exigere,
677 3061 788 3136 cogitet
804 3069 951 3120 oratorem
972 3057 1090 3131 institui,
1100 3065 1135 3116 10

92 3151 155 3196 rem
175 3139 306 3216 arduam,
336 3141 422 3200 etium
442 3157 507 3200 cum
527 3141 555 3201 ei
574 3141 724 3204 formando
746 3142 817 3204 nibil
838 3144 979 3212 defuerit;
1006 3156 1090 3219 prae-

92 3228 175 3282 terea
189 3221 272 3300 plura
286 3239 321 3282 ac
335 3223 498 3284 difficiliora
512 3241 679 3302 superesse.
703 3225 776 3287 Nam
792 3235 821 3287 et
836 3226 931 3287 studio
947 3231 1091 3303 perpetuo

92 3313 122 3366 et
136 3305 390 3384 praestantissimis
404 3308 644 3387 praeceptoribus
658 3318 687 3370 et
697 3309 828 3389 plurimis
842 3307 1003 3387 disciplinis
1018 3324 1092 3386 opus

92 3397 149 3449 est.
195 3387 382 3469 Quapropter
403 3393 610 3470 praecipienda
634 3402 700 3454 suut
725 3395 849 3472 optima;
879 3394 1001 3471 quaesi
1027 3392 1133 3472 quisll

92 3472 275 3552 grambitur,
295 3490 353 3535 nou
367 3475 470 3535 rationi
485 3476 629 3538 defuerint
644 3477 697 3537 sed
711 3477 828 3537 bomini.
