2592 3940
186 225 246 294 196
505 236 867 297 ruranourrrrmmrru

183 393 291 472 alioqui
307 391 373 453 libri
387 362 445 453 duo
462 388 616 452 allomitio
628 389 701 450 Atro
716 392 745 450 in
755 390 829 451 lrauc
841 389 1084 468 remcornpoeiti,
1100 406 1189 467 quem
1283 431 1284 456 r

181 475 418 538 adolescentulus
434 492 534 536 aenem
549 472 642 549 colui,
663 482 766 534 utnon
783 473 860 534 lecta
873 472 941 532 milri
957 481 1064 532 tantrnn
1080 490 1117 533 ea
1132 473 1189 534 aed

181 560 325 640 pleraque
349 578 386 621 ex
405 561 472 637 ipso
492 559 549 618 nint
566 558 692 634 cognita.
724 556 753 617 la
768 558 920 617 veriaaime
934 557 1104 634 praecepit,
1126 558 1188 635 pri·

180 661 256 704 muru
279 661 346 704 ease
368 645 398 704 in
416 641 472 702 lrac
491 649 574 721 parte
596 640 723 701 officium
743 642 884 716 oratoria,
905 648 936 700 ut
958 648 1047 700 totam
1068 657 1188 701 caueam

152 727 361 792 eiamiliariter
382 726 476 794 norit;
497 724 576 804 quod
590 726 653 785 eine
668 723 755 784 dubio
771 724 807 785 ad
823 725 916 785 omnia
932 724 1069 802 pertinet.
1104 721 1186 796 Quo·

182 811 269 871 modo
286 811 448 886 contingat,
467 807 693 887 explicabimus,
711 825 775 868 cum
788 809 824 868 ad
842 806 1013 868 destinatum
1028 806 1095 867 huic
1110 809 1187 885 parti

181 894 278 955 locum
293 893 466 953 venerimus.
486 889 530 950 lla
545 909 593 950 rea
610 900 751 970 suggerat
765 892 913 952 materiam
923 891 1144 968 interrogationi
1156 899 1188 950 et

180 976 273 1036 veluti
297 974 357 1036 tela
383 974 419 1035 ad
445 991 556 1034 manum
581 973 827 1042 sumministrabit;
856 974 956 1034 eadem
981 972 1117 1049 docebit,
1149 974 1187 1034 ad

182 1075 258 1140 quae
278 1059 381 1120 indicia
402 1059 511 1118 animun
528 1059 645 1118 actione
668 1059 705 1118 ait
724 1057 950 1138 praeparandus.
989 1055 1089 1117 Debet
1110 1059 1189 1117 euim

180 1142 230 1203 vel
245 1141 308 1203 fieri
323 1142 372 1203 rel
388 1141 499 1203 detrahi
513 1141 635 1202 tentibus
652 1142 723 1203 lidea
739 1142 871 1202 oratione
886 1149 1045 1220 perpetua,
1061 1141 1129 1218 qaia
1142 1142 1189 1201 aio

183 1228 305 1305 quinque
321 1225 405 1288 dictis
421 1234 563 1302 movetur,
580 1235 611 1285 ut
627 1235 671 1285 eat
685 1226 721 1285 ad
738 1224 913 1286 credendum
927 1224 976 1284 rel
991 1240 1049 1283 non
1064 1224 1187 1284 creden-

182 1310 248 1370 dum
262 1319 328 1370 ante
342 1310 491 1371 formatus.

154 1406 171 1461 9
266 1392 304 1453 Et
318 1394 452 1471 quoniam
466 1393 523 1452 duo
540 1409 651 1468 genera
666 1401 732 1454 eunt
746 1393 872 1469 testium,
894 1400 943 1453 aut
956 1391 1186 1452 voluntariorum

182 1485 230 1537 aut
248 1493 362 1552 eorum,
386 1475 489 1553 quibua
503 1477 532 1535 in
547 1475 659 1535 iudiciis
674 1475 799 1553 publicio
815 1475 884 1554 lege
899 1475 1094 1550 dennutiatur,
1112 1491 1185 1553 quo·
1283 1491 1284 1558 1

181 1576 244 1620 rurn
266 1559 359 1618 altero
381 1575 448 1637 pare
467 1569 589 1638 utraque
613 1559 716 1636 utitur,
739 1561 861 1620 alterum
881 1557 1099 1620 accusatoribus
1121 1566 1185 1618 tau·

181 1647 240 1703 tnm'
266 1659 439 1743 concessum
462 1651 532 1703 eat:
565 1660 734 1722 separemus
762 1644 890 1704 alliciam
919 1643 1011 1704 dantia
1027 1650 1129 1702 testea
1155 1650 1187 1702 et

140 1725 596 1884 loretellfflrtimroluntarinm
619 1787 770 1888 producit,
798 1813 890 1884 eolre,
921 1808 988 1887 quid
1008 1810 1034 1868 ia
1056 1807 1184 1868 dicturus

183 1896 237 1972 ait,
267 1901 381 1973 poteat;
407 1896 534 1974 ideoque
555 1893 717 1955 faciliorem
737 1895 851 1955 uidetur
873 1895 902 1953 in
919 1892 1051 1970 rogando
1074 1890 1184 1952 habere

181 1981 331 2039 rationem.
365 1979 424 2039 Sed
446 1979 520 2040 haec
536 1995 652 2058 quoque
667 1995 735 2057 para
751 1994 870 2039 acumen
886 1993 921 2050 ac
936 1976 1114 2054 vigilantiam
1131 1992 1170 2054 po
1283 2037 1284 2040 ,

182 2063 255 2139 scit,
276 2062 555 2141 providendumque‚
569 2080 613 2122 *ne
630 2062 760 2137 timidus,
776 2079 813 2121 ne
827 2063 1010 2136 inoouatana,
1025 2077 1063 2120 ue
1077 2062 1180 2137 impru·
1283 2061 1284 2108 ἒ

141 2145 254 2209 lldeno
276 2145 359 2204 testis
382 2146 432 2214 eitr
453 2146 603 2206 turbantur
624 2147 698 2206 enim
720 2153 749 2204 et
765 2162 781 2204 a
796 2147 926 2223 patronis
942 2144 1077 2204 diuersae
1092 2144 1183 2222 partia
1283 2143 1284 2224 ᾗ

181 2228 353 2288 inducuntur
370 2230 399 2288 in
419 2227 542 2308 laqueos
566 2238 595 2289 et
612 2229 677 2308 plus
693 2228 869 2307 deprehensi
885 2237 992 2288 nocent
1008 2245 1092 2306 quam
1110 2227 1184 2286 firmi

182 2320 212 2372 et
231 2312 353 2372 interriti
375 2313 565 2390 profuissent.
605 2311 724 2372 Multum
742 2313 831 2390 igitur
851 2313 927 2373 domi
949 2320 1015 2372 ante
1036 2308 1183 2386 versandi,

111 2400 113 2404 ’
181 2397 269 2456 variis
285 2397 570 2474 percontationibus,
586 2395 689 2474 qualea
704 2395 805 2456 haberi
821 2395 857 2456 alr
873 2396 1043 2456 alreraario
1058 2394 1183 2474 poaaiut,

181 2479 353 2558 explorandi
368 2489 443 2540 sunt.
464 2483 514 2542 Sic
529 2480 570 2556 iit,
587 2487 617 2538 ut
633 2488 681 2540 aul
696 2488 830 2541 constent
843 2479 899 2540 ailti
914 2485 979 2555 aut,
995 2481 1021 2538 ai
1036 2477 1104 2558 quid
1116 2477 1182 2536 titu·
1283 2549 1284 2552 Ἴ

180 2561 329 2640 batarini,
353 2565 517 2643 opportuna
530 2580 630 2624 rursus
646 2565 725 2641 eius,
741 2581 758 2625 a
774 2580 832 2644 quo
847 2563 982 2643 producti
997 2570 1077 2637 aunt,
1095 2563 1182 2621 inter·

139 2649 335 2724 lirogatione
348 2648 472 2710 velutin
486 2647 607 2726 gradum
620 2657 807 2727 reponantur.
838 2646 871 2709 ln
884 2647 928 2707 his
943 2662 1062 2726 quoque
1077 2643 1182 2720 adhuc,

182 2733 230 2808 qui
252 2732 433 2792 constiterint
453 2731 525 2807 eibi,
547 2732 681 2793 vitandae
697 2741 763 2792 aunt
777 2731 912 2799 insidiam
932 2747 997 2790 nam
1014 2729 1184 2808 frequenter

181 2813 283 2873 subiici
303 2813 340 2873 ab
361 2815 528 2876 adversario
545 2815 641 2876 solent
664 2825 693 2880 et
715 2818 809 2876 omnia
830 2815 982 2894 protutura
996 2813 1122 2893 polliciti
1142 2811 1182 2872 di·

179 2914 268 2956 versa
282 2898 461 2974 respondent
482 2907 512 2959 et
533 2901 733 2962 anctoritatem
753 2898 862 2961 habent
872 2915 931 2958 non
941 2897 1123 2976 arguentium
1131 2894 1183 2954 illa

140 2977 233 3040 liaed
254 2980 459 3042 confitentium.
487 2982 705 3063 Explanandum
720 2984 822 3061 igitur,
839 3000 910 3062 quae
927 2997 1030 3043 canoas
1049 2977 1184 3041 laedendi

179 3064 376 3125 adversarium
396 3066 529 3137 afferant3
550 3086 606 3130 nec
627 3069 719 3129 ideal
739 3074 784 3126 eat
798 3068 930 3127 inimicos
946 3065 1055 3142 iniere,
1078 3063 1131 3124 aed
1147 3079 1183 3122 an

179 3147 335 3225 desierint,
358 3167 393 3210 an
412 3169 467 3229 per
486 3151 544 3212 hoc
563 3153 657 3231 ipsum
671 3149 856 3216 reconciliari
870 3150 978 3226 velim,
1001 3166 1038 3209 ne
1053 3146 1183 3225 corrupti

180 3233 251 3309 oint,
273 3251 309 3293 ne
328 3236 504 3312 poenitentia
520 3236 701 3314 propositum
714 3236 895 3295 mutaverint.
921 3232 1006 3308 Quod
1022 3248 1087 3292 cum
1101 3231 1130 3290 in
1145 3231 1182 3289 iis

180 3332 311 3394 quoque,
334 3320 383 3396 qui
406 3336 458 3395 ea,
481 3335 555 3396 quae
570 3318 674 3380 dicturi
690 3318 840 3396 videntur,
862 3337 895 3378 re
910 3335 981 3377 vera
998 3318 1108 3391 sciunt,
1132 3331 1181 3373 ue·

181 3401 339 3460 carnarium
362 3411 407 3462 eat
420 3418 617 3480 praecauere:
638 3403 834 3482 multomagis
850 3404 879 3462 ln
896 3403 951 3478 iia,
974 3402 1022 3480 qui
1038 3418 1072 3460 ae
1090 3398 1182 3460 diotu-

137 3488 172 3543 14
179 3498 244 3560 roa,
263 3497 337 3562 quae
352 3484 523 3564 falsarunt,
539 3485 724 3566 pollicentur.
754 3486 826 3548 Nam
842 3497 871 3548 et
884 3485 1067 3565 frequentior
1082 3498 1183 3543 eorum
