2570 3946
175 225 216 290 78
396 211 397 218 '
495 239 863 302 rr.unu.ou1unm1sn1

176 406 304 459 tractare
319 400 532 475 permittamus,
556 407 588 458 nt
605 397 790 475 expatiantur
805 407 836 459 et
850 400 997 477 gaudeant
1013 398 1135 460 materie
1151 407 1187 460 et

147 481 260 562 dquasi
274 481 304 540 in
320 497 429 561 corpus
447 477 534 542 eant?
563 479 627 541 urit
642 482 797 561 optimum;
820 484 873 544 sed
888 493 972 544 certe
987 484 1045 543 sint
1058 483 1186 560 grandia

176 573 207 628 et
222 565 330 626 mmida
345 583 404 625 nou
418 565 506 626 stulta
523 567 609 627 etiam
630 574 661 626 et
683 565 846 628 acrioribus
867 567 961 628 oculis
974 565 1097 628 intuenti
1111 565 1185 626 ridl-

176 649 257 713 cnla:
277 657 328 725 nt,
352 650 377 708 si
393 651 451 709 iam
466 649 628 711 cedendum
646 658 708 727 est,
729 651 851 731 impleat
870 668 904 711 se
926 651 1107 713 declamator
1128 647 1185 710 ali·

175 733 307 814 mando,
329 733 397 793 dum
411 733 501 809 sciat,
524 743 556 794 ut
577 734 800 814 quadrupedes,
828 753 892 796 cum
913 735 999 796 viridi
1013 732 1123 815 pabulo
1138 733 1185 794 di*

175 826 289 878 stortae
304 825 380 894 suut,
397 817 546 896 sauguinis
562 818 745 879 detractione
768 827 904 880 curantur
932 828 962 879 et
976 821 1021 879 sic
1041 818 1078 879 ad
1096 816 1184 878 cibos

174 901 285 962 viribus
302 901 512 962 conservandis
526 901 651 963 idoneos
666 903 805 964 redeunt:
829 905 869 964 ita
891 902 947 964 sibi
962 920 1081 983 qnoque
1097 909 1184 962 tenn-

176 984 265 1045 andas
281 983 394 1064 adipes,
412 995 442 1046 ct
457 985 595 1066 quidquid
606 985 734 1046 humoris
745 987 876 1065 corrupti
892 987 1082 1061 contraxerit,
1099 986 1184 1045 emit·

146 1068 302 1145 itendum,
321 1070 347 1128 si
362 1087 431 1130 esse
446 1086 533 1131 sanus
549 1087 584 1130 ac
599 1068 736 1131 robustus
752 1071 845 1131 volet.
883 1070 1003 1151 Alioqui
1019 1079 1114 1130 tumor
1128 1067 1184 1129 ille

174 1153 267 1213 inanis
284 1155 377 1232 primo
394 1155 593 1234 animumque
606 1155 671 1215 reri
692 1156 792 1234 operis
808 1163 913 1216 conatu
930 1153 1183 1235 deprebendetur.

176 1235 281 1298 ‘lotum
301 1246 397 1299 autem
419 1237 602 1303 declamandi
623 1255 698 1318 opus
719 1239 768 1320 qui
789 1238 936 1301 diversum
958 1240 1035 1300 omni
1058 1237 1147 1298 modo
1164 1253 1185 1296 a

175 1320 341 1382 forensibus
365 1322 461 1383 causis
488 1322 668 1398 existimant,
690 1322 720 1383 bi
741 1322 878 1401 proiecto
898 1342 936 1384 ne
957 1324 1101 1384 rationem
1118 1321 1184 1400 qui·

146 1407 253 1483 adem,
271 1423 328 1486 qua
343 1407 399 1466 ista
411 1404 586 1466 exercitatio
602 1407 718 1467 inventa
730 1408 777 1484 sit,
795 1408 959 1487 pervident
986 1405 1059 1468 Nam
1074 1407 1099 1465 si
1113 1404 1183 1465 loro

176 1505 234 1549 non
255 1498 427 1568 praeparat:
450 1497 501 1550 aut
521 1490 660 1551 scenicae
681 1493 869 1553 ostentationi
890 1501 939 1554 aut
953 1492 1083 1553 furiosae
1098 1488 1183 1549 noci-

175 1573 313 1634 lerationi
328 1572 501 1634 simillimum
517 1582 571 1633 est.
610 1573 686 1648 Quid
707 1577 784 1636 enim
799 1577 901 1637 attinet
915 1577 1041 1636 indicem
1055 1589 1182 1653 praepa-

175 1674 261 1734 rare,
283 1657 333 1737 apri
357 1656 453 1718 nullus
479 1665 540 1725 est;
560 1675 698 1735 narrare,
721 1660 799 1738 quod
821 1677 922 1719 omnes
944 1659 1038 1718 sciant
1057 1657 1181 1725 falsum;

175 1740 367 1821 probationes
388 1739 528 1802 adbibere
552 1758 675 1818 causae,
696 1742 734 1801 de
757 1759 814 1822 qne
829 1759 914 1802 nemo
930 1743 968 1801 sit
981 1741 1182 1818 pronuntiatu-

175 1823 247 1886 rus?
281 1823 320 1886 lit
341 1824 416 1886 haec
438 1824 554 1904 quidem
577 1825 672 1885 otiosa
693 1833 815 1894 tantum
837 1823 916 1887 allici
937 1839 1010 1884 vero
1026 1823 1114 1882 stira
1129 1822 1183 1884 vel

175 1910 254 1970 luctu
271 1924 464 1989 permonere,
490 1909 571 1970 cuius
588 1916 634 1968 est
650 1907 782 1986 ludibrii,
804 1909 859 1969 nisi
876 1907 1047 1989 quibusdam
1062 1923 1183 1986 pugnae

175 1994 339 2056 simulacris
354 1993 392 2054 ad
414 2009 516 2054 verum
533 1993 689 2054 discrimen
710 1993 862 2073 aciemque
883 1995 986 2053 iustam
1010 1990 1181 2052 consuesci-

147 2074 259 2138 9mns‘l
289 2075 368 2137 Nihil
391 2092 464 2153 ergo
480 2077 555 2136 inter
571 2077 692 2138 forense
709 2094 802 2154 genus
818 2077 934 2137 dicendi
951 2085 1039 2154 atque
1054 2075 1114 2135 hoc
1128 2073 1180 2134 de·

176 2159 375 2230 clamatorium
396 2157 550 2220 intererit?
589 2162 620 2222 Si
641 2160 793 2240 proiectus
814 2161 909 2236 gratia
932 2160 1070 2234 dicimus,
1097 2156 1178 2217 nibil.

174 2243 347 2324 Utinamque
363 2243 450 2305 adiici
465 2244 501 2305 ad
513 2246 753 2305 consuetudinem
767 2251 881 2322 posset,
898 2252 929 2303 ut
939 2241 1102 2302 nominibus
1115 2249 1178 2300 nte·

175 2345 283 2403 remur,
300 2337 330 2388 et
346 2328 510 2407 perplexae
527 2330 619 2405 magis
635 2337 664 2388 et
680 2328 822 2406 longioris
838 2327 994 2407 aliquando
1010 2335 1093 2386 ectus
1109 2339 1178 2384 eon-

174 2414 338 2474 trouersiae
354 2412 542 2490 fingerentur,
559 2409 690 2472 etverba
704 2412 733 2470 in
749 2429 802 2472 usu
819 2413 964 2472 cotidiano
975 2411 1072 2490 posita
1086 2409 1178 2468 minus

174 2500 353 2573 timeremus,
372 2505 403 2556 et
418 2497 502 2556 iocos
517 2496 650 2555 inserere
666 2497 756 2556 moris
771 2504 867 2564 esset;
885 2509 960 2576 quae
975 2511 1041 2569 nos,
1058 2491 1178 2572 quamli-

174 2582 226 2643 bet
245 2600 301 2662 per
323 2582 380 2643 alia
402 2581 431 2639 in
453 2578 564 2640 sobolis
587 2581 740 2640 exercitati
755 2581 860 2657 simus,
883 2580 994 2641 tirones
1009 2580 1038 2638 in
1053 2577 1120 2637 ioro
1136 2577 1177 2634 in-

134 2666 302 2727 lttreniunt.
343 2665 375 2727 Si
394 2679 468 2724 nero
488 2664 517 2723 in
540 2665 765 2725 ostentationem
787 2673 971 2744 comparetur
992 2661 1176 2734 declamatio,

176 2767 246 2810 sane
263 2749 381 2827 paulum
402 2747 511 2828 aliquid
527 2747 667 2809 inclinare
684 2749 720 2811 ad
740 2749 918 2811 voluntatem
934 2747 1109 2809 audientium
1127 2743 1177 2802 de·

133 2837 167 2888 11
175 2832 287 2893 bemus.
319 2830 391 2891 Nam
407 2840 439 2891 et
453 2834 482 2890 in
496 2833 531 2892 iis
546 2832 725 2909 actionibus,
749 2851 824 2913 qnae
845 2834 873 2890 in
894 2832 991 2911 aliqua
1008 2832 1071 2890 sine
1089 2826 1177 2889 dubio

174 2915 300 2976 raritate
314 2923 468 2975 versantur
482 2915 536 2976 sed
553 2927 619 2976 sunt
633 2917 669 2976 ad
687 2916 859 2996 popularem
876 2924 992 2994 aptatae
1005 2912 1177 2974 delectatio-

175 3017 252 3076 nem,
269 2997 372 3080 quales
388 2997 512 3075 legimns
527 3001 741 3077 panegyricos,
758 3007 909 3078 totumque
923 2999 981 3059 boc
997 2999 1176 3058 demonstre-

175 3085 263 3144 tirum
291 3100 402 3161 genus,
430 3083 603 3162 permittitur
629 3082 769 3144 adhibere
793 3083 860 3162 plus
887 3083 983 3145 cultns'
1005 3096 1177 3158 omnemque

174 3177 277 3244 artem,
294 3183 371 3247 aptae
385 3167 479 3229 latere
490 3167 664 3247 plerumque
679 3169 708 3227 in
723 3167 838 3229 indiciis
853 3167 953 3243 debet,
969 3183 1027 3228 non
1044 3163 1178 3226 conliteri
1281 3245 1282 3248 Ἴ

133 3255 167 3308 12
173 3252 261 3313 modo
278 3251 331 3312 sed
348 3259 496 3312 ostentare
509 3252 596 3312 etiam
608 3251 769 3312 hominibus
782 3253 811 3313 in
822 3251 880 3312 hoc
892 3252 1051 3313 advocatis.
1079 3247 1178 3322 Quare

175 3334 369 3413 declamatio,
397 3336 531 3416 qnoniam
552 3344 599 3395 est
619 3335 790 3396 indiciorum
805 3337 1051 3414 consiliorumque
1067 3334 1176 3408 imago,

175 3421 276 3481 similis
292 3437 361 3480 esse
377 3420 467 3481 debet
481 3420 611 3487 veritati;
636 3421 771 3500 quoniam
788 3428 885 3481 antem
900 3419 1008 3498 aliquid
1023 3419 1051 3476 in
1075 3433 1108 3474 se
1126 3413 1176 3474 ba·

133 3507 167 3562 1³
175 3503 226 3566 bet
247 3495 457 3583 ἐπιδεικτικὸν,
476 3503 604 3564 nonnihil
627 3503 683 3565 sibi
703 3507 805 3567 nitoris
827 3521 986 3565 assumere.
1024 3498 1110 3575 Quod
1133 3496 1177 3558 la·
