2570 3946
407 211 822 281 men.onnnon.n1e.1,s.
1077 201 1117 264 25

118 369 239 432 forsitan
257 369 387 430 videatur
406 368 521 444 dicere,
540 367 763 445 barbarismum,
784 370 861 448 quod
876 378 921 430 est
935 371 1018 430 nnius
1035 369 1119 431 verbi

116 455 231 528 vidum,
262 452 325 512 lieri
349 469 404 531 per
427 469 562 512 numeros
590 460 638 513 aut
661 469 772 530 genera
798 455 873 513 sicut
897 453 1118 515 soloecismum:

115 537 205 600 scula
220 545 316 596 tamen
334 544 363 596 et
377 553 474 616 scopo
493 544 652 614 contraque
672 537 792 599 bordon
810 545 839 596 οι
853 537 969 614 rumen,
989 537 1058 599 licet
1073 538 1118 598 lit·

117 629 244 680 terarum
266 621 469 695 mutationem,
501 620 728 697 detractionem,
760 619 954 682 adiectionem
982 620 1117 697 habeant,

116 721 175 764 non
202 703 261 763 alio
286 703 393 763 vitiosa
413 711 494 778 sunt,
522 721 607 782 quarn
628 704 705 782 quod
730 701 854 783 pluralia
876 703 1064 782 singulariter
1090 713 1119 780 et

117 786 276 864 singularia
296 785 449 864 pluraliter
467 788 638 855 efferuntur;
663 797 693 848 et
706 789 815 868 plodio
832 789 881 868 qui
900 788 1047 866 dixerunt,
1067 807 1119 866 ge-

116 887 188 930 nere
210 870 389 930 exciderunt.
430 869 490 930 Sed
515 871 573 932 hoc
599 887 716 950 quoque
740 879 843 932 notare
868 880 1021 934 contentus
1045 878 1186 947 aum,ll‡

116 971 154 1014 ne
174 955 228 1013 arti
251 952 337 1032 culpa
356 955 534 1033 quorundam
557 957 753 1035 pervicacium
777 955 939 1035 perplexae
965 956 1066 1017 videar
1090 963 1120 1016 et

115 1039 180 1116 ipse
203 1039 403 1116 quaestionem
422 1038 578 1098 addidisse.

200 1120 267 1182 Plus
296 1122 416 1200 exigunt
443 1119 608 1182 subtilitatis
637 1139 712 1199 quae
741 1122 875 1183 accidunt
904 1124 933 1183 in
960 1122 1119 1182 dicendo

115 1205 200 1281 vitia,
225 1205 291 1283 quia
312 1205 448 1284 exempla
470 1221 571 1264 eornm
591 1204 664 1265 tradi
687 1206 797 1284 scripto
822 1222 881 1266 non
900 1214 1039 1285 possunt,
1064 1205 1120 1266 nisi

117 1305 182 1350 cum
207 1289 237 1348 in
260 1306 364 1349 versus
389 1289 567 1364 inciderunt,
595 1297 627 1348 ut
655 1287 759 1350 divisio
784 1285 932 1369 Europae
957 1297 986 1349 ει
1009 1286 1119 1357 Asiae:

116 1381 146 1434 et
174 1373 202 1432 ei
232 1374 406 1432 contrarium
433 1373 548 1448 vitium,
578 1372 656 1451 qnod
683 1373 852 1454 σονοίρεσιν
878 1381 908 1434 ει
934 1362 1121 1450 συναλοιφὴν

118 1455 227 1518 Graeci
239 1463 361 1531 vocant,
385 1472 439 1515 nos
457 1455 690 1534 complexionem
708 1457 846 1534 dicimus,
869 1456 962 1537 qualis
981 1465 1027 1517 est
1044 1455 1120 1535 apud

116 1539 147 1600 P.
160 1537 336 1599 Varronem:
359 1537 433 1601 l'om
445 1547 474 1600 te
487 1536 636 1618 stuprasti
651 1542 803 1604 deiectum
815 1541 942 1622 fulmine
954 1539 1118 1604 Pbactltors.

119 1619 189 1684 idam
209 1624 235 1682 si
256 1631 337 1683 esset
357 1640 447 1702 prosa
465 1625 575 1700 oratio,
601 1623 719 1685 easdem
741 1625 853 1686 litteras
872 1627 1022 1689 enuntiare
1041 1625 1119 1684 veris
1128 1627 1162 1684 18

116 1704 238 1782 syllabis
258 1705 374 1767 licebat.
412 1707 569 1769 Praeterea
584 1726 660 1788 quae
679 1709 748 1784 liunt
766 1711 876 1789 spatio,
897 1711 961 1770 sive
979 1726 1043 1770 cum
1061 1706 1119 1784 syl·

115 1788 182 1850 laba
210 1799 346 1869 correpta
370 1791 557 1870 producitur,
584 1801 615 1852 ut
637 1790 763 1856 ltaliam
784 1795 852 1873 foto
873 1793 1041 1874 prosaque,
1066 1809 1120 1852 seu

115 1873 205 1952 longa
224 1874 394 1952 corripitur,
416 1882 448 1934 ut
469 1872 565 1938 Unius
581 1876 618 1938 ob
635 1894 749 1938 nonam
769 1884 799 1939 ct
814 1877 933 1956 furios,
955 1884 1038 1936 extra
1058 1891 1119 1934 oar·

116 1961 183 2017 men
206 1973 265 2016 non
287 1956 504 2036 deprehendam
533 1958 586 2018 sed
612 1976 668 2020 nec
695 1960 724 2020 in
748 1960 874 2021 carmine
894 1961 964 2020 vitia
989 1957 1120 2019 ducenda

115 2048 191 2101 sunt.
233 2039 287 2102 llla
305 2058 377 2102 vero
399 2042 513 2102 nonnisi
530 2059 600 2102 aure
622 2044 791 2122 exiguntur,
814 2062 889 2123 quae
908 2043 979 2104 flunt
996 2059 1050 2122 per
1063 2058 1118 2102 so·
1128 2051 1161 2105 19

40 2181 44 2190 ,
62 2129 63 2132 ’
114 2140 191 2194 ιιοε;,
208 2142 369 2204 quanquam
387 2144 442 2205 per
460 2127 681 2205 aspirationem,
702 2129 765 2188 sive
782 2128 914 2189 adiicitur
930 2128 1037 2188 vitiose
1055 2127 1119 2186 sive

115 2207 288 2286 detrahitur,
312 2210 388 2288 apud
407 2227 461 2270 nos
480 2219 580 2290 potest
602 2213 702 2290 quaeri
721 2230 756 2273 an
773 2213 802 2272 in
821 2213 933 2291 scripto
952 2213 990 2271 sit
1009 2211 1118 2285 vitium,

116 2292 141 2352 si
161 2291 187 2352 H
207 2291 303 2354 littera
321 2301 382 2371 est,
400 2311 459 2355 non
474 2303 552 2356 nota.
588 2293 676 2357 Cuius
698 2295 813 2374 quidem
832 2298 907 2358 ratio
929 2303 1036 2356 mutata
1056 2310 1119 2354 cum

116 2375 294 2452 temporibus
314 2386 361 2438 est
379 2380 506 2458 saepius.
540 2379 712 2440 Parcissime
730 2398 765 2441 ea
783 2387 902 2441 veteres
922 2381 967 2439 usi
988 2380 1074 2439 etiam
1092 2379 1162 2440 into

115 2455 284 2534 vocalibus,
306 2477 370 2520 cum
387 2464 481 2526 oedos
498 2463 641 2541 ircosque
659 2462 811 2539 dicebant,
831 2463 878 2526 diu
896 2462 1001 2524 deinde
1020 2478 1118 2522 serra-

116 2551 190 2618 tum,
208 2539 251 2601 ne'
260 2545 485 2606 consonantibus
501 2548 678 2626 aspirarent,
694 2555 726 2606 ut
740 2549 768 2606 in
782 2547 914 2608 Graccis
928 2547 1000 2606 etin
1015 2547 1118 2606 trium·

112 2627 183 2706 pis,·
201 2627 297 2704 erupit
316 2626 400 2688 brevi
418 2636 549 2708 tempore
567 2631 669 2689 nimius
689 2647 773 2706 usus,
792 2638 822 2689 ut
839 2629 1008 2706 eboracae,
1027 2627 1113 2690 oben·

114 2709 267 2784 turinnes,
285 2712 481 2790 praechones
498 2712 591 2772 adbuc
613 2711 783 2790 quibusdam
803 2711 1039 2792 inscriptionibus
1061 2728 1119 2772 ma·
1196 2711 1230 2743 ‘⁴'

114 2801 216 2869 ineant,
239 2811 295 2872 qua
314 2794 350 2856 de
368 2813 402 2856 re
421 2793 526 2857 Catulli
545 2795 644 2856 nobile
667 2798 843 2874 epigramma
861 2807 915 2858 est.
948 2796 1019 2858 lnde
1037 2797 1159 2858 durattl

115 2876 151 2938 ad
171 2893 226 2936 nos
245 2896 339 2958 usque
356 2880 549 2944 retenentes·
569 2887 598 2939 et
617 2881 875 2960 comprehendere
894 2890 924 2942 et
943 2882 1031 2957 mibi,
1054 2898 1120 2941 nam

114 2960 200 3024 nscbe
215 2979 333 3042 quoque
349 2981 403 3043 pro
419 2983 466 3025 mc
482 2964 557 3042 apud
576 2965 710 3044 antiquos
727 2966 941 3044 tragoediarum
959 2967 1118 3045 praecipue

116 3043 277 3122 scriptores
298 3049 328 3106 in
345 3047 493 3109 veteribus
515 3046 596 3108 libris
616 3049 783 3109 invenImus.
900 3100 903 3106 .
1000 3047 1003 3054 ’

105 3193 107 3197 ,
199 3124 303 3190 Adhuc
323 3129 470 3194 difficilior
493 3131 660 3193 observatio
688 3141 733 3192 est
754 3151 808 3212 per
830 3143 1000 3207 tenores,
1029 3131 1161 3209 (quostt

117 3208 231 3288 quidem
252 3211 288 3274 ab
310 3217 433 3294 antiquis
450 3216 552 3276 dictos
575 3225 697 3280 tortores
715 3219 845 3297 comperi
868 3216 1007 3276 videlicet
1027 3212 1118 3275 decli·

114 3301 182 3354 nato
204 3312 222 3355 a
245 3292 364 3356 Graecis
386 3299 496 3376 verbo,
522 3301 571 3378 qui
591 3293 695 3373 τόνους
718 3300 830 3381 dicunt)
851 3299 900 3359 vel
923 3307 1117 3374 accentus,

115 3394 188 3457 quas
204 3376 308 3439 Graeci
323 3381 490 3466 προσῳδίας
504 3391 626 3460 vocant,
647 3401 710 3445 cnm
728 3393 811 3444 acuta
827 3392 857 3443 et
873 3383 970 3460 gravis
989 3382 1045 3444 alia
1063 3398 1116 3462 pro

114 3461 170 3524 alia
194 3471 354 3542 ponuntur,
378 3475 409 3526 ut
433 3467 461 3526 in
484 3467 542 3529 hoc
566 3464 730 3543 Camillus,
753 3468 778 3526 si
803 3468 914 3530 acuitur
936 3469 1042 3546 prima:
1070 3474 1159 3528 antii
