2570 3946
423 225 838 292 nrsr.onnu0n.n1n.1,s.
1087 215 1127 276 ii

125 399 213 458 voro,
233 398 308 460 quae
329 389 395 442 sunt
416 378 549 457 syllabae
567 380 666 456 unius,
691 388 775 441 erunt
796 389 883 442 uento
904 389 952 442 aut
973 379 1066 458 dena,
1090 399 1127 442 ne

124 467 163 527 sit
180 464 277 544 aliqua
294 481 354 526 vox
372 467 435 526 sine
454 473 548 526 aeuta.
583 461 621 524 lit
637 463 689 525 illa
706 480 761 543 per
779 480 870 526 sonos
888 465 1031 542 accidunt,
1052 477 1170 545 quaeso

123 550 315 610 demonstrari
331 551 516 634 seriptonon
531 556 668 627 possunt,
687 549 757 610 vitio
771 550 831 610 oris
845 557 877 609 et
890 549 1022 628 linguae:
1045 549 1128 610 iusu-

123 623 248 712 πισμοῦς
259 641 289 692 ei
300 622 550 713 λαμβδὰκιῳοῦς,
565 625 734 710 deluduntur
744 641 775 694 ei
786 624 1000 712 πλατειασμοῦς
1013 632 1127 694 ielioio-

122 733 173 778 res
186 716 329 794 tingendis
342 714 503 776 nominihus
511 713 616 776 (iraeei
626 725 742 793 vooaut,
756 717 831 778 sieut
840 717 1053 796 rosimundae,
1065 733 1128 778 enm

122 818 185 862 vox
199 801 282 880 quasi
296 801 325 860 in
339 797 461 862 reeessu
476 799 536 859 oris
551 798 672 861 auditur.
702 799 775 861 Sunt
789 802 875 862 etiam
889 803 1000 881 proprii
1016 801 1170 880 quidamde

124 894 155 946 et
170 884 379 946 inenarrabiles
392 885 472 960 soni,
488 882 593 963 quibus
605 900 806 963 nonnunquam
820 886 953 948 nationes
965 883 1128 964 deprehen·
1176 925 1178 928 -

123 968 226 1029 dimns.
255 967 387 1030 Remotis
402 970 491 1046 igitur
510 966 657 1044 omnihus,
679 968 836 1049 dequibus
853 969 1031 1048 supradixi,
1052 970 1129 1030 titiis

123 1053 180 1112 erit
192 1050 255 1128 illa,
272 1070 346 1132 quae
361 1061 484 1116 voeatm
496 1041 666 1131 ὄρθοέπεια,
682 1051 711 1112 id
727 1062 773 1113 ost
788 1053 939 1115 emendata
955 1069 1020 1114 eum
1034 1054 1128 1114 suari·
1172 1083 1177 1090 ·

123 1143 184 1197 tate
201 1153 306 1197 vonum
321 1137 503 1216 explanatio;
525 1151 590 1196 nam
604 1137 648 1196 sie
664 1137 759 1215 aeeipi
774 1145 873 1214 potest
888 1145 980 1199 reeta.

210 1217 316 1282 Cetera
335 1223 404 1282 vitia
426 1222 520 1282 omnia
545 1237 584 1279 ex
607 1218 738 1298 pluribus
759 1219 882 1280 vocibus
907 1229 988 1296 sunt,
1008 1229 1172 1300 quorumdt

124 1311 171 1364 est
187 1304 269 1365 soio
279 1307 455 1380 eoiemus,
475 1319 637 1383 quanquam
655 1305 733 1365 eirea
749 1301 808 1364 hoe
824 1321 942 1384 quoque
956 1304 1129 1384 disputatum

125 1397 181 1448 est.
217 1386 290 1448 Nam
311 1390 398 1449 etiam
419 1390 468 1468 qui
488 1387 643 1466 complexu
662 1389 802 1449 orationis
820 1389 957 1452 accidere
977 1405 1042 1449 eam
1060 1404 1129 1449 oon·

124 1471 256 1547 litentur,
277 1474 344 1550 quia
361 1481 456 1532 tamen
475 1472 560 1531 unius
576 1471 777 1532 emendatione
794 1471 877 1534 verbi
897 1473 1006 1551 oomigi
1023 1473 1128 1552 possit,

123 1556 154 1615 in
170 1553 262 1614 verbo
279 1572 347 1615 esse
365 1555 465 1616 vitium
482 1555 583 1614 nonin
599 1571 734 1617 sermone
753 1556 944 1626 contendunt3
968 1573 1043 1633 enm,
1065 1557 1171 1618 sivetu

123 1655 256 1701 morae
277 1639 403 1702 eortids
424 1639 596 1702 sennodio
614 1641 729 1702 cortice
750 1657 805 1718 per
823 1657 917 1718 genus
938 1638 1009 1701 iaeit
1031 1639 1129 1700 soloe·

124 1723 243 1784 eismnm
255 1723 395 1802 (quorum
409 1731 541 1784 neumam
555 1721 670 1802 quidem
683 1723 881 1802 reprehendo,
895 1741 959 1785 enm
973 1725 1011 1784 sit
1024 1725 1129 1784 utrius·

124 1823 182 1885 que
203 1805 353 1884 Vergilius
379 1815 495 1874 aneton
523 1806 577 1867 sed
603 1805 742 1884 fingamus
769 1807 937 1868 utrumlibet
963 1823 1020 1868 non
1047 1814 1129 1868 reete

117 1888 247 1970 idiotam)
269 1891 389 1952 mutatio
410 1891 493 1950 voois
510 1887 648 1964 alterius,
670 1892 700 1950 in
721 1906 777 1969 qua
798 1891 897 1952 vitium
918 1899 998 1966 erat,
1020 1898 1130 1950 reetaru

123 1971 263 2052 loquendi
285 1976 426 2035 rationem
447 1974 485 2032 eit
505 1972 667 2048 redditura,
688 1983 719 2033 ut
738 1975 842 2036 amori
865 1975 991 2038 oortt‘et'e
1009 1972 1059 2034 dat
1080 1971 1129 2033 vel

123 2059 227 2120 medio
248 2059 373 2122 eortiee.
418 2055 505 2132 Quod
525 2056 696 2117 manifestae
717 2057 878 2119 eadumniao
903 2065 963 2127 estr
996 2064 1129 2118 neutrum

124 2142 199 2202 enim
222 2144 358 2203 vitiosum
378 2150 425 2203 est
449 2149 631 2221 separatum,
657 2141 710 2202 sed
736 2142 949 2222 eompositione
977 2148 1128 2222 ponentur,

123 2241 198 2304 quae
218 2227 273 2287 iam
292 2226 435 2287 sermonis
454 2234 510 2287 est.
539 2224 614 2286 illud
629 2226 769 2288 eruditius
789 2228 954 2306 quaeritur,
974 2243 1011 2288 an
1025 2227 1055 2287 in
1071 2226 1170 2294 εἰη-36

122 2308 201 2387 gulis
227 2326 345 2390 quoque
365 2309 465 2371 verbis
488 2309 582 2388 possit
605 2308 669 2370 iieri
695 2309 907 2387 soloecismus,
932 2311 974 2371 uti
995 2311 1022 2370 si
1044 2326 1129 2369 unum

124 2393 189 2470 quis
214 2393 250 2453 ad
272 2411 305 2454 se
325 2409 436 2454 rooans
464 2393 541 2454 dieat
561 2395 676 2470 oemio,
702 2402 752 2456 aut
773 2395 799 2456 si
819 2395 920 2473 plures
942 2411 959 2454 a
984 2411 1018 2454 se
1037 2393 1129 2454 dimit-

86 2501 90 2512 ·
123 2484 189 2535 tens
207 2477 247 2535 ita
263 2476 400 2555 toqoatm
415 2477 469 2539 udi
483 2485 533 2537 aut
550 2477 687 2541 diseede.
720 2476 785 2539 Neo
803 2495 861 2538 non
875 2495 940 2538 oum
957 2492 1131 2556 responsum

123 2557 161 2621 d>
188 2560 389 2637 interrogante
415 2559 567 2636 dissentit,
584 2570 626 2621 ut
651 2561 676 2621 si
700 2561 807 2622 dieeuti
831 2559 928 2636 Quem
948 2560 1062 2622 adsui
1091 2559 1130 2618 ita

124 2659 265 2704 ooeurras
283 2641 362 2723 Euo.
394 2641 427 2703 ln
447 2651 534 2720 gestu
556 2645 641 2704 etiam
663 2643 792 2704 nonnulii
812 2651 913 2722 putant
933 2643 1010 2704 idem
1030 2642 1130 2703 vitium

122 2728 238 2803 inesse,
263 2744 327 2789 eum
350 2726 428 2788 aliud
447 2737 525 2786 toee
542 2726 620 2788 aliud
641 2736 711 2787 nutu
732 2727 782 2789 vel
803 2743 887 2788 mann
906 2727 1127 2789 demonstratur.
1201 2795 1207 2806 ,

122 2809 196 2871 Huie
217 2813 348 2891 opinioni
370 2826 466 2889 neque
491 2811 606 2871 omnino
626 2810 737 2872 aoeedo
759 2828 856 2892 noque
873 2811 960 2892 piane
978 2811 1171 2886 dissentio.37

122 2889 195 2954 Nam
209 2895 238 2955 id
255 2897 352 2957 iateor
367 2894 504 2957 aoeidere
521 2911 598 2956 rnoe
618 2911 673 2956 una
691 2913 750 2956 non
769 2905 864 2958 taen
879 2897 981 2974 aliter,
1003 2913 1087 2976 quam
1105 2895 1130 2954 si

123 2977 161 3037 sit
179 2977 304 3058 aliquid,
326 2979 404 3059 quod
421 2979 479 3039 rim
500 2977 621 3040 alterius
643 2980 727 3040 roeis
747 2980 892 3058 obtineat,
916 2981 952 3042 ad
974 2979 1052 3060 qnod
1069 2991 1131 3038 vox

123 3059 175 3119 illa
193 3061 353 3139 referatur,
373 3072 404 3123 ut
420 3061 615 3124 soloeeismus
634 3080 672 3123 ex
688 3065 844 3144 eomplexu
862 3065 911 3126 dat
929 3081 1046 3137 eorum,
1068 3061 1129 3140 qui·

124 3141 180 3202 bus
193 3161 242 3204 res
257 3146 454 3223 signideantnr
469 3155 499 3206 et
512 3146 647 3208 voluntas
662 3148 833 3209 ostenditur.
862 3147 960 3227 Atque
971 3155 1003 3206 ut
1018 3160 1172 3219 omnemne

125 3225 262 3304 effugiam
277 3229 504 3305 cavillationem,
526 3231 563 3291 sit
582 3229 736 3310 aliquando
755 3232 783 3292 in
797 3249 855 3292 uno
872 3229 965 3292 verbo
985 3245 1129 3308 nunquam

123 3310 153 3369 in
177 3309 245 3370 solo
271 3309 372 3370 verbo.
418 3311 476 3372 Per
498 3322 568 3392 quot
590 3323 686 3376 autem
711 3323 740 3374 et
762 3332 834 3394 quas
861 3313 975 3375 aoeidnt
999 3313 1127 3392 speeies,

123 3394 273 3454 nonsatis
297 3396 441 3455 convenit.
482 3395 538 3469 Qui
559 3398 746 3476 plenissime,
770 3397 1007 3478 quadripertitam
1027 3395 1129 3458 volunt

124 3494 193 3539 esse
209 3480 351 3540 rationem
370 3495 426 3539 neo
445 3477 529 3540 aliam
545 3498 629 3559 quom
643 3480 828 3556 barbarismi,
848 3489 880 3542 ut
898 3480 947 3542 dat
964 3481 1129 3543 adiectione
