2608 3948
394 223 485 272 ruer.
499 221 836 290 ORATOR.1.IB.11,16.
1078 211 1115 276 91

113 392 144 445 et
159 388 341 456 ennrnerant,
366 381 415 458 qui
437 379 604 458 pernioiosa
617 394 676 440 non
697 379 818 457 singulis
835 386 943 448 tanturn
962 377 1017 440 sed
1030 379 1118 442 rebus

113 470 199 529 etiarn
227 463 351 544 publicis
381 466 425 524 usi
453 463 622 541 eloquentia
643 461 822 524 turbaverint
849 465 1006 534 eivitatium
1027 472 1120 524 status.

111 551 161 611 vel
177 550 352 617 everterint;
372 545 469 626 eoque
482 557 512 606 et
521 545 818 608 Lacedaemoniorum
833 549 951 609 civitate
967 547 1119 625 expulsam

111 643 143 696 et
164 633 288 696 Athenis
315 648 450 711 quoque,
477 630 525 692 nbi
549 639 632 691 aotor
657 649 776 694 morere
801 631 925 693 alieotns
955 631 1118 708 vetabatur,

109 719 194 780 velut
208 720 334 779 reeisam
347 715 448 777 orandi
462 724 649 794 potestatem.

198 802 264 876 Quo
278 800 392 879 quidem
404 800 491 860 modo
503 817 559 860 neo
571 799 661 860 duces
674 808 757 860 erunt
769 799 857 862 utiles
869 817 925 862 neo
936 801 1144 878 magistratum

111 907 169 948 nee
182 887 326 947 medicina
341 901 396 945 neo
413 885 538 963 denique
554 885 616 962 ipsa
631 885 781 964 sapientia.
813 883 887 944 Nam
902 894 931 946 et
945 884 1004 945 dux
1015 884 1119 946 Flemi-

111 975 178 1033 nius
195 981 225 1032 et
238 969 377 1045 Graeelri,
402 969 565 1046 Saturnini,
582 969 719 1030 Glauciae
732 985 856 1046 gessere
872 970 1073 1047 magistratus,
1091 979 1121 1029 et

111 1059 142 1117 in
155 1055 276 1116 medicis
290 1071 404 1127 pererra
419 1062 448 1113 et
462 1055 492 1112 in
506 1053 567 1128 his,
591 1055 639 1132 qni
660 1052 901 1133 philosophorum
916 1055 1031 1113 nomine
1045 1054 1120 1114 mnle
1153 1104 1156 1107 .

112 1149 245 1215 utuntur,
272 1138 443 1216 gravissima
470 1153 671 1214 nonnunquam
698 1137 807 1214 llagitia
833 1135 1018 1216 deprehenso
1043 1148 1118 1199 sunt.

114 1222 204 1286 Gibos
220 1239 424 1301 aspernemur;
440 1221 597 1282 attulerunt
612 1238 703 1300 saepe
717 1220 893 1281 valetudinis
906 1239 1019 1280 oeusas.
1042 1221 1146 1282 Nun-6

113 1325 200 1388 quam
220 1315 299 1368 teoto
321 1306 491 1374 subeamns;
514 1323 604 1384 super
623 1304 787 1366 habitantes
809 1305 965 1384 aliquando
986 1319 1120 1383 procum·

112 1392 194 1452 bunt.
230 1390 298 1451 Non
318 1390 477 1450 lubrioetur
490 1388 573 1449 militi
592 1389 722 1467 gladius:
744 1397 843 1468 potest
857 1391 898 1449 uti
920 1388 1024 1449 eodem
1039 1390 1120 1450 lerro

113 1475 201 1537 latro.
239 1473 311 1548 Quis
327 1475 437 1549 neseit,
457 1474 558 1550 ignes,
578 1481 686 1551 aquas,
705 1475 769 1534 sine
784 1473 888 1552 quilius
903 1472 982 1534 nulla
998 1474 1036 1533 sit
1050 1475 1120 1550 vita,

114 1569 145 1622 et
167 1560 220 1638 (ne
242 1561 366 1618 terrenis
385 1558 536 1636 immorer)
558 1556 652 1617 solem
673 1557 843 1636 lunamque,
862 1560 1021 1637 prneoipua
1043 1558 1120 1619 sido

113 1663 194 1722 rum,
214 1642 370 1721 aliquando
387 1650 418 1701 et
432 1637 563 1702 nocere?

199 1726 273 1787 Num
296 1728 384 1805 igitur
406 1724 560 1804 negabitur
581 1725 742 1786 deformem
766 1725 868 1802 Pyrrhi
889 1743 993 1804 paoem
1016 1731 1146 1788 eaeoust

114 1813 166 1873 ille
188 1811 301 1890 Appius
327 1810 442 1871 dieendi
467 1810 577 1870 viribus
603 1806 778 1869 diremisse?
805 1818 854 1870 aut
879 1826 937 1870 non
960 1810 1057 1870 divina
1082 1808 1120 1868 nl.

115 1894 204 1958 Tullii
226 1895 394 1973 eloquentia
417 1903 448 1954 et
470 1902 571 1954 eontra
591 1894 676 1972 leges
698 1895 829 1970 agrarias
850 1892 1002 1972 popularis
1016 1893 1075 1952 -iuit
1093 1901 1123 1952 et

116 1978 260 2040 Catilinae
287 1978 376 2056 fregit
401 1977 550 2038 audaeinm
576 1986 605 2036 et
631 1977 880 2055 supplicationes,
908 1977 957 2056 qui
982 1978 1122 2036 maximus

116 2065 210 2127 lronor
223 2063 385 2123 victoribus
401 2061 482 2123 bello
500 2061 621 2123 ducibus
636 2061 730 2136 datur,
747 2062 775 2119 in
789 2070 860 2138 toga
871 2056 998 2120 meruit?
1021 2059 1148 2123 Nonne&
1253 2069 1257 2078 '

117 2149 290 2228 perterritos
306 2147 426 2206 militum
441 2149 552 2208 animos
573 2145 746 2225 frequenter
764 2162 781 2205 a
797 2153 875 2205 metu
891 2153 1013 2205 reroeat
1028 2146 1122 2206 oratio

117 2241 147 2293 et
172 2239 216 2292 tot
241 2231 386 2311 pugnandi
410 2231 541 2310 pericula
567 2229 730 2290 ineuntibus
756 2228 870 2290 laudern
894 2231 953 2290 rita
978 2231 1123 2308 potiorem

117 2333 186 2376 esse
202 2312 380 2394 persuadet?
416 2314 521 2393 Neque
537 2331 610 2374 rero
628 2332 674 2374 me
688 2311 909 2374 lacedaemonii
927 2323 1014 2392 atque
1032 2313 1121 2373 Atlre·

116 2401 236 2460 nienses
249 2401 341 2475 magis
359 2401 502 2458 moverint
518 2416 603 2478 quam
617 2398 744 2477 populus
757 2396 920 2472 Romanus,
944 2396 1020 2477 apud
1037 2415 1123 2476 quern

117 2499 227 2544 summa
241 2499 358 2561 semper
374 2481 538 2542 oratoribus
553 2483 677 2560 dignitas
692 2481 755 2542 init.
786 2480 929 2558 Equidem
944 2499 999 2541 nee
1014 2480 1150 2542 urbinm9

120 2566 291 2628 conditores
313 2581 382 2625 reor
402 2565 487 2626 aliter
504 2565 793 2641 elieoturosluisse,
816 2572 847 2622 ut
866 2581 942 2640 vaga
959 2563 1011 2624 illa
1030 2563 1123 2623 multi·

117 2651 187 2712 tudo
205 2651 300 2710 eoiret
313 2650 343 2709 irr
357 2649 500 2729 populos,
516 2650 571 2709 nisi
586 2649 672 2710 docta
687 2665 763 2709 voce
779 2655 937 2716 oommote3
953 2664 1010 2707 nee
1026 2647 1124 2726 legum

117 2743 289 2814 repertores
309 2735 372 2794 sine
389 2749 497 2793 summa
517 2735 546 2792 vi
566 2732 667 2794 orandi
689 2740 882 2807 oonseentos,
905 2739 937 2792 ut
951 2749 984 2792 se
999 2731 1055 2811 ipsi
1071 2733 1122 2794 ho·

117 2822 209 2880 mines
222 2818 258 2879 ad
274 2820 445 2879 servitutem
460 2818 530 2877 iuris
544 2818 749 2895 astringerent.
776 2815 853 2890 Quin
866 2817 930 2896 ipsu
946 2818 1023 2878 ritae
1039 2827 1167 2897 prae-10

120 2913 223 2982 eepta,
246 2905 357 2965 etiarnsi
377 2911 479 2963 natura
499 2910 564 2962 sunt
585 2901 725 2979 honesta,
748 2901 814 2981 plus
831 2910 926 2963 tamen
942 2901 983 2963 'ad
999 2900 1124 2962 lorman·

119 2988 171 3049 das
192 2997 304 3048 mentes
326 2988 440 3063 valent,
465 2989 600 3066 quotiens
622 2985 865 3065 pulchritudinem
885 2985 982 3047 'rernm
1008 2986 1124 3046 claritas

121 3073 260 3132 orationis
282 3072 430 3134 illuminat.
469 3071 584 3147 Quare,
608 3072 720 3132 etiamsi
738 3072 768 3131 irr
782 3079 933 3149 utramque
948 3078 1061 3148 partem
1076 3085 1124 3127 vn·

120 3157 182 3216 lent
197 3172 274 3214 armo
289 3155 451 3232 laoundiae,
470 3171 527 3215 non
544 3164 700 3216 esttamen
715 3171 837 3235 aequum
850 3154 879 3214 id
894 3152 995 3215 lraberi
1009 3151 1124 3227 malurn,

122 3255 179 3319 quo
196 3237 272 3298 bene
290 3240 330 3298 nti
345 3239 424 3298 lieet.

204 3322 314 3382 Verum
327 3321 402 3382 liaeo
415 3323 491 3400 apud
507 3339 560 3382 eos
575 3323 698 3384 iorsitan
715 3301 906 3400 quaerantr'rr,
927 3337 975 3397 qur
991 3325 1167 3380 summanrll

121 3405 285 3468 rlretoriees
303 3406 344 3466 ad
352 3405 548 3550 persuadendi
562 3409 620 3467 vim
641 3407 810 3467 retulerunt.
846 3404 878 3464 Si
899 3419 970 3463 vero
990 3411 1036 3462 est
1050 3401 1126 3462 bene

121 3489 235 3566 dicendi
258 3492 396 3566 seientn,
423 3507 508 3568 quem
530 3507 584 3550 nos
611 3491 697 3551 linem
721 3490 883 3568 sequimur,
912 3487 1003 3548 nisit
1028 3495 1127 3548 orator
