2592 3940
187 219 249 284 282
511 228 874 293 cinanmomum

147 400 266 456 loturus
285 389 373 450 estin
390 405 488 465 causa,
503 387 619 463 malum,
635 388 714 468 quod
724 394 847 448 tacetur.
881 357 980 463 Quare
994 388 1088 451 bouus
1103 391 1183 453 alter

188 484 270 538 catur
295 475 365 534 vitio
394 472 559 534 iracundiae
590 480 703 541 careat;
736 469 831 532 nullus
863 475 938 533 euim
965 475 1069 534 rationi
1098 477 1196 558 magis

187 558 283 621 obstat
308 557 429 619 allectus
450 566 480 616 et
503 556 560 617 iert
583 564 665 617 erma
681 573 798 616 causam
813 564 842 615 et
861 557 1033 636 plerumque
1049 558 1196 621 deformia

187 643 319 705 convicia
342 642 443 703 lacere
465 659 500 702 ao
519 641 625 703 mereri
647 641 726 719 cogit
744 649 772 700 et
787 641 816 700 in
831 641 913 719 ipsos
930 658 1133 720 nonnunquam
1148 643 1194 702 iu·

186 726 268 788 dices
291 725 400 787 incitat.
435 723 541 786 Melior
563 723 723 786 moderatio
748 743 783 785 ac
804 741 1007 806 nonnunquam
1032 727 1118 788 etiarn
1140 744 1193 806 pu-

185 811 295 876 tientr'a.
334 808 438 888 Neque
459 809 534 869 enim
555 808 707 869 refutanda
733 816 856 886 tautum,
887 827 963 889 quae
985 828 1023 873 ex
1044 811 1193 888 contrario

186 895 329 970 dicuntur,
344 894 397 954 sed
412 893 639 968 contemnenda,
659 892 819 968 elevanda,
840 893 960 955 ridenda
975 903 1055 964 sunt;
1072 911 1129 955 neo
1143 911 1193 954 us·

186 997 271 1058 ιιιιιιιι
293 977 360 1057 plus
383 974 442 1037 loci
463 977 569 1054 recipit
589 975 746 1037 urbanitas.
791 975 871 1054 Hoc,
899 977 964 1040 dum
991 977 1064 1038 ordo
1088 987 1135 1038 est
1162 988 1193 1039 et

184 1061 294 1142 pudor;
319 1069 420 1123 contra
444 1059 593 1121 turbantes
620 1060 780 1121 audendum
808 1069 838 1119 et
860 1061 1055 1140 impudentiae
1075 1061 1194 1123 fortiter

142 1144 385 1212 llresisteudum.
417 1146 488 1206 Sunt
503 1147 578 1205 enim
597 1143 712 1224 quidam
726 1142 862 1223 praeduri
876 1146 904 1204 in
921 1145 979 1206 boc
996 1145 1074 1223 oris,
1090 1153 1121 1206 ut
1138 1144 1191 1206 ob·

185 1238 316 1309 strepant
329 1229 440 1306 iugenti
466 1228 596 1290 clamore
617 1237 646 1288 et
666 1228 777 1290 medios
796 1244 947 1289 sermones
963 1230 1145 1309 intercipiant
1162 1239 1193 1288 et

186 1315 280 1375 omnia
297 1311 418 1373 tumultu
444 1313 637 1387 confundant,
665 1329 738 1391 quos
760 1321 791 1372 ut
813 1328 872 1372 non
893 1314 997 1372 imitari
1018 1314 1062 1373 sic
1082 1313 1192 1372 acriter

184 1397 359 1478 propulsare
377 1395 541 1474 oportebit,
571 1405 600 1457 et
616 1397 745 1474 ipsorum
765 1395 978 1476 improbitatem
998 1395 1192 1474 retundendo,

186 1490 215 1543 et
238 1481 350 1542 iudices
372 1480 422 1542 vel
441 1480 642 1558 praesidentes
658 1481 843 1558 magistratus
864 1479 1039 1560 appellando
1054 1480 1192 1560 frequen·

185 1567 253 1641 tius,
272 1572 304 1624 ut
319 1563 457 1643 loquendi
474 1566 556 1624 vices
571 1572 733 1624 serventur.
765 1562 831 1624 Non
845 1573 891 1625 est
905 1582 954 1626 res
970 1565 1055 1625 animi
1068 1565 1192 1626 iacentis

185 1658 215 1711 et
235 1646 332 1708 mollis
352 1665 441 1728 supra
461 1648 576 1710 modum
596 1648 716 1723 frontis,
740 1646 873 1725 fallitque
894 1647 1085 1729 plerumque,
1113 1647 1193 1726 qnod

143 1744 177 1800 aa
186 1731 316 1814 probitas
339 1741 476 1808 vocatur,
500 1749 576 1810 quae
599 1741 644 1792 est
664 1729 858 1792 imbecillitas.
893 1731 980 1792 Valet
995 1739 1090 1792 autem
1107 1734 1137 1790 in
1150 1731 1192 1792 al·

184 1818 347 1878 tercatione
363 1816 515 1894 plurimum
536 1833 674 1891 acumen,
698 1814 776 1893 quod
798 1817 861 1876 siue
882 1814 968 1875 dnbio
991 1833 1030 1875 ex
1050 1823 1113 1875 arte
1134 1832 1193 1875 non

145 1902 279 1969 usvenit3
301 1908 402 1960 natura
428 1901 502 1960 enim
524 1916 583 1962 non
598 1898 736 1974 docetur,
758 1908 821 1959 arte
843 1908 939 1960 tamen
959 1899 1119 1960 adiuvatur.
1159 1897 1193 1960 ln

186 2003 242 2064 qna
262 1983 452 2062 praecipuum
476 1992 538 2060 est,
565 2001 683 2062 semper
705 1982 734 2045 id
760 1983 788 2042 in
805 1981 898 2044 oculis
913 1982 1040 2059 babere,
1067 1983 1103 2042 de
1133 1999 1193 2060 quo

186 2069 335 2148 quaeritur
353 2076 382 2126 et
404 2067 483 2146 quod
496 2066 629 2130 volumus
650 2067 786 2135 efficere;
811 2068 877 2145 quia
893 2067 1075 2146 propositum
1090 2075 1193 2126 tenen·

185 2161 231 2212 tes
246 2153 382 2210 inrisam
403 2168 461 2211 non
483 2150 586 2211 ibimus
609 2169 665 2211 nec
688 2167 795 2211 causae
817 2149 914 2210 debita
937 2160 1070 2229 tempora
1093 2151 1191 2209 convi-

186 2233 289 2296 ciando
312 2241 496 2294 conteremus
512 2233 778 2312 gaudebimusqne,
794 2233 819 2292 si
833 2232 892 2294 hoc
909 2234 1094 2295 adversarius
1110 2232 1192 2293 lacit
1227 2243 1230 2250 '

141 2328 178 2384 14
269 2316 351 2377 Omni
378 2325 511 2396 tempore
539 2318 603 2379 iere
630 2325 731 2396 parata
758 2326 823 2377 sunt
854 2318 997 2379 meditatis
1021 2315 1193 2394 diligenter,

185 2419 260 2480 qnae
285 2409 334 2462 aut
362 2419 400 2461 ex
428 2401 552 2463 adverso
574 2402 630 2465 dici
651 2410 699 2462 aut
721 2400 896 2479 responderi
923 2400 1044 2461 anobis
1067 2401 1192 2480 possint.

183 2483 395 2564 Nonnunquam
416 2494 512 2545 tamen
536 2485 614 2546 solet
634 2485 692 2546 boc
715 2500 832 2563 quoque
855 2503 924 2545 esse
941 2485 1010 2550 artis
1026 2502 1137 2561 genus,
1161 2489 1194 2543 ut

186 2568 327 2648 quaedam
346 2570 375 2628 in
398 2569 513 2629 actione
537 2567 715 2629 dissimulata
739 2567 833 2628 subito
857 2570 886 2627 in
908 2567 1076 2629 altercando
1092 2566 1195 2644 proie-

184 2663 299 2721 rantnr;
316 2661 363 2712 est
374 2653 529 2730 inopinatis
542 2651 802 2731 eruptionibus-aut
812 2654 959 2712 iucursion
971 2669 1009 2711 ex
1021 2649 1132 2710 insidiis
1147 2649 1192 2710 ia·

186 2744 251 2798 ctae
267 2735 451 2797 simillimum.
488 2735 521 2796 ld
544 2745 639 2796 autem
657 2745 716 2796 tum
731 2734 911 2812 iaciendum,
933 2752 997 2796 cum
1012 2743 1058 2794 est
1073 2733 1193 2812 aliquid,

186 2823 232 2880 cui
247 2818 420 2897 responderi
436 2835 494 2879 non
512 2821 606 2880 atatim
622 2821 732 2898 possit;
756 2818 886 2897 potnerit
904 2827 1015 2895 autem,
1035 2819 1060 2878 si
1076 2826 1191 2895 tempus

185 2903 222 2963 ad
241 2901 450 2980 disponendum
464 2903 580 2965 luisset.
617 2902 706 2981 Nam,
726 2901 804 2981 quod
821 2900 948 2964 fideliter
964 2903 1075 2964 drmnm
1090 2907 1154 2976 est,
1171 2917 1192 2960 a

185 2987 285 3068 primis
311 2985 407 3046 statim
428 2987 589 3048 actionibus
611 2991 742 3066 arripere
758 2987 896 3067 optimum
911 2995 973 3064 est,
996 3002 1054 3065 quo
1075 2985 1194 3062 saepius

143 3069 351 3150 ludiutiusque
376 3068 498 3131 dicatur.
536 3069 611 3132 lllud
628 3074 678 3132 vir
695 3070 798 3132 saltem
815 3069 1053 3150 praecipiendum
1067 3068 1193 3145 videtur,

185 3172 223 3214 ne
240 3153 371 3215 turbidus
389 3162 419 3215 et
437 3152 582 3214 clamosus
597 3162 705 3215 tautum
720 3155 757 3214 sit
771 3154 939 3232 altercator,
963 3163 993 3216 et
1010 3152 1113 3233 quales
1128 3151 1194 3212 iere

186 3237 263 3315 sunt,
280 3239 329 3317 qui
346 3238 459 3300 litteras
474 3239 616 3298 nesciunt.
646 3237 718 3298 Nam
734 3236 920 3318 improbitas,
937 3239 1008 3300 licet
1024 3235 1194 3298 adversario

186 3321 311 3383 molesta
328 3323 375 3398 sit,
391 3322 478 3383 iudici
494 3323 586 3384 invisa
601 3331 657 3382 est.
687 3321 784 3384 Nocet
802 3323 887 3383 etiam
902 3322 949 3384 diu
962 3336 1092 3402 pugnare
1104 3320 1133 3378 in
1146 3320 1194 3396 iis,

146 3414 179 3469 16
187 3423 262 3485 quae
279 3404 412 3466 obtinere
427 3421 486 3465 non
501 3409 609 3485 possis.
645 3406 734 3485 Nam,
755 3407 805 3469 ubi
822 3409 898 3469 vinci
914 3424 1041 3468 necesse
1059 3412 1121 3480 est,
1143 3419 1193 3462 ex·

186 3488 268 3598 ppdit
283 3488 407 3558 cedere:
424 3490 502 3568 quia,
517 3492 581 3552 sive
597 3489 682 3572 plura
699 3501 781 3572 snut,
798 3492 954 3571 dequibus
971 3489 1135 3571 quaeritur,
1150 3487 1193 3548 la·
