2608 3948
196 219 254 283 162
511 233 548 279 m.
562 231 639 280 uae.
653 231 873 291 consummar

150 387 285 452 alvisum
300 395 361 462 est,
385 396 444 446 tom
459 402 513 464 pro
528 384 644 461 Ligario
662 385 699 444 ad
715 383 917 454 Tuberonem
940 404 1005 447 nam
1023 397 1085 449 erat
1102 389 1193 452 multo

191 469 286 530 lutura
303 468 482 547 languidior,
504 470 529 528 si
547 477 627 528 esset
642 468 728 529 aliter
743 468 892 546 figuratas
911 467 997 542 Quod
1012 470 1126 532 facilius
1143 489 1193 534 co·

191 562 327 631 gnoscet,
343 554 448 633 siquis
464 553 543 614 illam
557 560 647 613 totam
663 561 776 630 partem
792 550 1094 632 vehementissimam,
1112 558 1192 617 cuius

192 636 266 697 haec
283 636 376 697 torma
391 644 455 713 est,
475 633 581 700 Habet
600 637 712 716 ἐρίων,
738 634 868 713 littero,
890 638 972 716 quod
994 645 1040 702 eat
1060 657 1193 702 acmes-

192 722 251 783 tori
265 721 399 782 macinae
417 721 605 799 optandam,
628 729 658 780 et
678 728 797 794 cetera,
820 729 972 782 convertat
994 721 1030 782 ad
1052 722 1192 792 iudicem

192 813 250 864 tum
265 804 340 864 enirn
355 820 426 863 vere
444 819 548 865 aversa
561 803 694 864 rideatur
717 804 810 864 oratio
827 812 856 864 et
873 803 1013 881 languere
1027 806 1071 872 vis
1088 809 1191 882 omnis,

191 886 353 948 dicentibus
370 885 455 947 nohis
476 884 576 950 Habet
589 889 684 967 ipitur
702 885 836 963 Tubero,
859 889 943 965 quod
956 895 1001 950 cst
1014 892 1194 953 accusatori

148 971 325 1037 demoniaco
344 972 521 1050 optandum.
562 969 618 1032 lllo
642 972 717 1032 enim
738 971 826 1032 modo
850 971 957 1049 pressit
978 979 1065 1051 atque
1080 973 1191 1050 institit,

190 1053 249 1114 hoc
264 1061 372 1114 tanturn
386 1054 554 1116 indicasset.
586 1054 671 1128 Quod
683 1054 759 1115 idern
774 1056 803 1113 in
817 1053 1027 1130 Demosthene,
1044 1057 1069 1114 si
1085 1055 1192 1116 llexum

191 1136 271 1201 illurn
287 1140 461 1217 mutareris,
479 1137 601 1199 accidet.
634 1139 646 1218 [
655 1135 750 1212 Quid?
773 1155 830 1198 non
847 1137 1003 1198 Sallustius
1026 1139 1139 1199 directo
1156 1139 1192 1199 ad

192 1217 380 1298 Ciceronem,
401 1223 429 1284 in
454 1240 540 1303 quem
561 1223 654 1301 ipsum
673 1220 806 1299 dicebat,
831 1239 900 1282 usus
917 1229 962 1281 est
979 1223 1139 1301 principio,
1163 1232 1192 1282 et

141 1354 142 1364 ,
192 1304 307 1384 quidem
322 1307 470 1385 protinus:
491 1305 635 1368 Graviter
655 1313 685 1368 et
704 1307 808 1384 totquc
829 1306 931 1368 ammo
952 1306 1120 1368 maledicto
1138 1313 1193 1368 tec

187 1395 333 1468 paterer,
355 1385 465 1452 dlorcc
485 1386 589 1450 tutus
613 1390 688 1449 sicut
710 1385 816 1450 Gicero
837 1388 950 1450 lecerat
971 1390 999 1448 in
1023 1387 1191 1451 Catilinam:

149 1484 183 1538 69
193 1470 358 1550 Questaque
388 1474 511 1535 taudem
537 1471 704 1551 adoleret]
751 1472 812 1547 hc,
840 1491 877 1532 ne
903 1473 968 1553 quis
994 1473 1192 1552 apostrophen

192 1555 329 1631 miretur,
353 1554 429 1616 idem
452 1553 558 1616 Cicero
580 1572 634 1634 pro
652 1557 763 1616 Scauro
779 1555 901 1618 ambitus
916 1574 984 1631 reo,
1008 1575 1083 1636 quae
1104 1574 1192 1617 causa

193 1647 239 1699 est
254 1638 283 1697 in
306 1639 535 1714 commentariis,
555 1638 641 1717 (nam
661 1639 706 1699 his
728 1640 850 1700 eundem
872 1640 1021 1719 defendit)
1047 1656 1190 1719 prosopo-

192 1723 279 1802 poeia
302 1722 448 1803 loquentis
470 1739 525 1802 pro
547 1740 600 1783 reo
621 1725 723 1792 utitnr;
745 1741 799 1802 pro
820 1723 938 1784 Rabirio
960 1740 1033 1784 vero
1054 1723 1191 1786 Postumo

193 1804 357 1885 eodemque
378 1808 490 1870 Scauro
516 1823 569 1866 rec
597 1807 822 1886 repetundarum
849 1809 934 1868 ctiam
956 1807 1113 1887 exemplis;
1136 1823 1191 1885 pro

149 1887 328 1958 toGluontio
352 1889 404 1968 (ut
424 1890 510 1950 modo
532 1892 669 1972 ostendi)
693 1891 859 1970 partitione.
903 1889 969 1951 Non
989 1900 1085 1952 tamen
1105 1891 1190 1964 haec,

193 1973 260 2052 quia
276 1982 400 2052 possunt
413 1973 489 2034 hene
505 1973 660 2053 aliquando
676 1975 757 2050 lieri,
774 1976 881 2054 passim
897 1975 1030 2036 faciendo
1046 1982 1121 2050 sunt,
1138 1974 1192 2034 scd

192 2058 326 2135 quotiens
342 2068 529 2137 praeceptum
544 2059 648 2118 vicerit
662 2060 750 2127 ratio;
776 2059 921 2137 morundo
943 2068 973 2118 ct
994 2057 1190 2132 similitudine,

192 2139 257 2201 dum
277 2139 376 2215 brevi,
406 2150 437 2202 et
457 2141 644 2202 translatione
668 2151 756 2222 atque
778 2141 843 2204 aliis
862 2143 955 2220 tropis
978 2141 1073 2220 (quae
1095 2141 1192 2200 omnia

193 2224 269 2282 cauti
291 2223 333 2286 illi
356 2241 390 2285 ac
411 2225 568 2302 diligentes
589 2225 766 2306 prohibent)
788 2234 901 2286 utemur
920 2225 1050 2299 interim,
1072 2224 1128 2282 nisi
1144 2224 1191 2283 cui
1291 2255 1292 2287 t

192 2305 287 2367 divina
308 2306 358 2367 illa
379 2324 432 2386 pro
447 2307 563 2385 Ligario
578 2309 687 2386 ironia,
710 2309 747 2369 de
767 2327 824 2389 qua
845 2307 933 2387 paulo
955 2316 1021 2368 autc
1049 2308 1190 2382 dixeram,

150 2396 182 2451 il
190 2389 335 2468 displicet.
372 2391 439 2452 Alia
463 2391 647 2452 exordiorum
668 2394 737 2453 vitia
756 2394 853 2452 verius
875 2392 1062 2454 tradiderunt.
1106 2389 1192 2463 Quod

191 2474 220 2532 in
243 2474 343 2551 plures
368 2492 471 2536 causas
493 2476 706 2537 accommodari
727 2485 842 2555 potest,
868 2475 991 2552 vulgare
1011 2474 1128 2542 dioitur;
1159 2473 1189 2533 id

191 2558 284 2616 minus
308 2557 469 2619 favorabile
492 2558 648 2638 aliqnando
671 2570 838 2620 tamennon
854 2559 994 2620 inutiliter
1009 2558 1190 2633 assumimus,

192 2643 302 2718 magnis
319 2659 409 2720 saepe
424 2641 589 2704 oratoribus
613 2661 672 2704 non
687 2645 833 2704 evitatom.
873 2641 937 2715 Quo
960 2650 990 2702 et
1006 2641 1190 2702 adversarius

191 2725 232 2783 uti
255 2732 369 2802 potest,
393 2740 542 2786 commuue
558 2729 735 2807 appellatum
759 2726 837 2805 quod
859 2726 1042 2786 adversarius
1060 2726 1191 2785 insuam

191 2806 345 2867 utilitatem
360 2807 521 2869 deflectere
536 2821 650 2889 potest,
669 2809 887 2877 commutabile;
911 2809 991 2889 quod
1012 2825 1119 2868 causac
1134 2824 1192 2867 non

194 2888 349 2966 cohaeret,
380 2902 561 2970 separatum
590 2894 668 2975 qood
699 2893 813 2954 aliunde
841 2890 977 2968 trahitur,
1008 2891 1190 2958 translatum3

192 2982 348 3051 praeterea
366 2977 445 3054 quod
460 2978 588 3055 longum,
605 2977 684 3057 quod
700 2985 799 3036 contra
815 2983 976 3053 praccepta
992 2983 1049 3044 est;
1068 2990 1191 3055 quorum

192 3055 334 3136 pleraque
355 3076 413 3120 non
438 3063 570 3140 principii
595 3061 682 3122 ruodo
703 3067 769 3119 sunt
782 3059 851 3120 vitia
865 3057 920 3118 sed
936 3059 1023 3118 totius
1041 3057 1190 3121 orationis.

150 3149 184 3206 tt
274 3140 355 3202 llaec
376 3144 414 3204 de
437 3145 604 3222 prooemio,
630 3143 763 3222 quotiens
779 3142 834 3201 erit
849 3142 912 3204 eius
927 3159 1012 3218 usus,
1035 3159 1093 3202 non
1116 3153 1192 3200 sem·

192 3240 247 3302 per
268 3234 362 3286 autern
387 3236 446 3295 est;
477 3245 541 3287 nam
563 3234 592 3286 ot
613 3243 824 3306 supervacuum
846 3224 1000 3304 aliquando
1018 3234 1080 3301 est,
1108 3225 1133 3284 si
1154 3225 1193 3282 sit

192 3318 382 3387 praeparatus
398 3310 469 3368 satis
487 3311 574 3370 etiam
589 3304 651 3369 sine
666 3310 724 3370 hcc
738 3309 843 3385 iudex,
865 3317 913 3368 aut
928 3310 953 3367 si
969 3326 1019 3367 res
1034 3323 1192 3387 praepara-

191 3391 271 3451 tione
291 3409 349 3454 non
371 3400 468 3467 egeat.
516 3391 693 3455 Aristoteles
714 3392 829 3473 quidem
850 3393 879 3451 in
899 3400 990 3452 totum
1004 3391 1033 3451 id
1053 3406 1193 3451 necessa-

187 3475 264 3538 rium
279 3473 356 3553 apud
372 3473 466 3534 honos
482 3474 594 3538 iudices
608 3483 714 3557 negat,
742 3475 908 3555 Aliquando
926 3483 1022 3536 tamen
1037 3474 1078 3536 uti
1092 3491 1149 3535 nec
1166 3472 1193 3533 sl
1287 3481 1288 3484 ’
