2608 3948
208 246 268 309 166
522 254 888 316 momentaneum

205 412 271 474 dnm
291 413 357 490 ipse
379 412 502 487 vixerit,
527 409 630 489 quibus
655 409 765 469 meritis
786 409 878 469 lrctas
904 410 940 469 ad
962 409 1134 488 petitionem
1153 411 1201 472 tle-

205 492 375 557 scenderitl
401 493 460 554 Aut
471 496 520 574 qui
534 492 759 572 repetundarum
775 493 893 552 crimine
909 491 1129 570 immutabitur,
1147 511 1204 555 non

205 588 236 640 et
250 588 412 640 anteactam
428 579 531 654 vitam,
556 586 585 636 et
602 575 706 656 quibus
722 574 759 635 de
781 577 877 636 causis
894 575 1074 655 provinciam
1090 578 1202 637 univcr-

205 681 268 722 sam
292 662 341 722 vel
363 669 565 723 accusatorem
593 669 642 720 aut
667 667 773 720 testem
795 659 967 735 offenderit,
989 677 1047 720 nou
1068 659 1205 721 inutiliter

165 743 355 824 loexponet?
388 744 470 818 Quae
493 745 518 803 si
540 745 667 804 narratio
689 760 747 803 uon
770 751 831 821 est,
854 742 960 804 ncilla
984 743 1099 823 quidem
1120 741 1202 806 cicc·

205 831 285 890 nonis
307 845 362 907 pro
385 825 520 888 Cluentio
541 829 647 907 prima,
673 827 755 887 cuius
779 835 825 886 est
845 827 968 887 initium:
989 824 1029 887 A.
1052 825 1205 890 Cluentius

206 911 345 973 Habitus.
378 909 456 971 Nibil
478 913 553 971 enim
566 911 614 972 bic
630 911 667 971 de
682 909 827 971 veneficio
843 909 896 971 sed
912 910 948 970 ne
965 911 1078 987 causis,
1096 911 1203 990 ,quibus

167 998 199 1053 17
206 997 233 1054 ei
248 1003 341 1055 mater
355 996 469 1055 inimica
484 997 536 1072 sit,
555 995 634 1055 dicit.
668 993 742 1056 Illae
758 1011 875 1074 quoque
890 1002 956 1056 suut
972 995 1152 1074 pertinentes
1170 995 1206 1054 ad

207 1096 324 1139 causam
338 1079 392 1139 sed
407 1095 465 1138 non
480 1080 571 1158 ipsius
592 1095 698 1140 causac
714 1079 911 1139 narrationes:
933 1077 983 1139 vel
999 1078 1126 1158 exempli
1140 1095 1205 1156 gra·

206 1165 245 1222 tia
259 1170 290 1222 nt
301 1164 330 1222 in
340 1161 465 1222 Verrem
480 1161 558 1222 deb.
569 1160 707 1238 Domitio,
724 1163 772 1240 qui
786 1161 952 1240 pastorem,
968 1162 1046 1243 quod
1058 1163 1083 1222 is
1095 1178 1205 1241 aprum,

207 1263 293 1325 quem
313 1247 370 1324 ipsi
394 1247 505 1305 muneri
526 1245 688 1320 obtulerat,
711 1255 866 1324 exceptum
888 1263 956 1305 esse
978 1263 1044 1306 ase
1061 1245 1206 1328 venabulo

166 1330 363 1390 18confessus
379 1337 478 1404 esset,
501 1331 530 1388 in
546 1345 664 1388 crucem
680 1329 810 1397 sustulit;
833 1328 882 1389 vel
898 1329 1071 1391 discutiendi
1086 1329 1207 1390 alicuius

207 1413 390 1474 extrinsecus
406 1413 548 1488 criminis,
566 1421 596 1470 ut
612 1428 666 1490 pro
681 1410 800 1472 Rabirio
816 1411 968 1472 Postumo:
990 1410 1071 1476 Nam
1086 1419 1119 1474 ct
1133 1430 1207 1474 cera-

206 1493 268 1557 tam
280 1493 507 1558 Alccoodricm
521 1503 584 1572 eet,
598 1497 734 1572 iudices,
750 1495 827 1558 baec
841 1514 905 1558 coa
918 1497 1000 1560 ratio
1013 1515 1035 1558 o
1049 1515 1122 1577 repe
1132 1514 1208 1576 pro·

203 1579 306 1658 posita
325 1578 465 1642 Postumo
480 1588 524 1640 cst
543 1579 720 1658 servandac
736 1580 908 1658 pecuariae,
933 1582 962 1642 ei
975 1582 1164 1643 curationem
1178 1589 1209 1640 et

206 1663 298 1741 puori
314 1665 571 1742 dispensationem
591 1664 709 1742 replum
724 1665 929 1741 suscepissem
952 1663 1002 1723 vel
1018 1663 1158 1742 augendi,
1177 1672 1210 1723 ut

207 1746 382 1808 describitur
396 1748 453 1807 iter
466 1746 578 1808 Verris.

166 1843 200 1898 19
291 1829 374 1893 Ficta
394 1832 507 1891 interim
528 1831 653 1890 narratio
675 1826 818 1889 introduci
835 1828 912 1888 solet
935 1829 1038 1890 velari
1062 1832 1205 1891 concitan-

207 1916 262 1977 dos
279 1915 391 1976 iudices
409 1923 439 1974 ut
460 1917 515 1994 pro
531 1913 640 1975 Roscio
663 1915 743 1974 circa
759 1909 1001 1991 Chrysogonum,
1023 1915 1103 1974 cuius
1119 1914 1210 1993 paulo

207 2008 275 2059 ante
290 1997 377 2058 habui
392 1995 581 2066 mentioncm;
601 1997 650 2057 vel
666 1997 702 2057 ad
715 1995 909 2057 resolvendos
925 1995 1022 2075 aliqua
1036 1995 1211 2074 urbanitate,

206 2091 237 2140 ut
252 2098 307 2160 pro
325 2080 458 2141 Cluentio
475 2083 553 2141 circa
570 2081 676 2140 fratres
692 2076 850 2158 (lepasios;
872 2079 1013 2141 interdum
1028 2097 1083 2159 per
1096 2081 1211 2159 digres-

207 2165 321 2224 sionem
342 2163 459 2224 decoris
482 2165 590 2242 gratia,
615 2163 707 2241 qualis
728 2181 827 2224 rursus
850 2165 879 2225 in
893 2161 1015 2223 Verrem
1035 2163 1072 2224 rle
1087 2162 1211 2226 Proser-

207 2249 274 2327 pina
302 2245 353 2326 {In
373 2247 421 2308 lu's
442 2249 598 2327 qnondam
617 2248 694 2310 locis
713 2253 812 2310 mater
830 2247 926 2326 filiam
947 2249 1105 2325 cometam
1127 2249 1210 2311 dtct-
1289 2277 1290 2282 ¹

208 2331 283 2411 tun]
325 2330 408 2404 Quae
430 2333 524 2391 omnia
547 2348 584 2391 eo
605 2333 769 2410 pertinent,
799 2340 830 2392 ut
852 2340 1008 2410 appareat,
1030 2347 1088 2392 non
1110 2332 1213 2411 utique

209 2433 267 2476 non
287 2431 405 2476 narrare
429 2434 494 2475 eum
509 2416 558 2495 qui
578 2423 681 2492 negat,
705 2414 759 2476 sed
781 2414 852 2474 illud
875 2416 967 2493 ipsum
990 2432 1109 2476 narrare
1131 2415 1214 2495 quod

209 2518 245 2560 ne
269 2509 307 2560 at.

168 2587 203 2640 bt)
248 2517 268 2578 g
293 2581 338 2642 Ne
353 2583 411 2644 boc
427 2582 542 2661 quidem
557 2582 729 2660 simpliciter
743 2579 958 2660 accipiendum,
976 2582 1053 2662 quod
1071 2589 1116 2643 est
1131 2599 1147 2640 a
1164 2599 1214 2640 me

209 2669 353 2746 positum,
383 2683 451 2725 esse
478 2683 688 2746 supervacuam
713 2667 906 2727 narrationem
928 2667 987 2741 rei,
1017 2683 1102 2747 qnam
1122 2664 1215 2725 iudex

210 2751 340 2816 noverit;
365 2748 444 2827 qnod
459 2751 503 2809 sic
523 2750 645 2828 intelligi
665 2749 751 2827 volo,
771 2751 796 2810 si
816 2767 873 2810 non
893 2749 996 2826 morlo,
1020 2747 1088 2829 quid
1102 2748 1216 2809 lactum

212 2833 264 2908 sit,
287 2832 378 2906 sciet,
400 2832 509 2894 sedita
527 2834 633 2896 facturn
650 2835 753 2910 etiam,
773 2843 804 2895 ut
821 2833 905 2894 nobis
922 2833 1055 2912 expedit,
1079 2829 1213 2911 opinabi-

169 2918 266 2974 titur.
303 2913 412 2994 Neque
424 2918 499 2977 enirn
515 2919 641 2977 narratio
657 2919 686 2976 in
700 2917 757 2978 boc
773 2927 893 2996 reperta
907 2926 969 2993 est,
992 2926 1023 2976 ut
1037 2923 1143 2977 tanturn
1160 2931 1214 2974 co-

210 3007 334 3077 gnoscat
351 2999 457 3078 iudex,
480 3001 533 3062 sed
549 3001 696 3080 aliquanto
712 3001 818 3077 magis,
842 3009 871 3060 ut
887 3001 1058 3061 consentiat.
1099 2998 1214 3073 Quare,

211 3084 323 3143 etiamsi
339 3101 398 3144 nou
413 3085 467 3145 erit
484 3084 635 3145 docendus
651 3084 704 3144 sed
719 3083 817 3162 aliquo
832 3083 918 3144 modo
937 3083 1121 3159 alliciendus,
1143 3099 1215 3142 uar-

209 3166 335 3229 rabimns
352 3187 417 3228 com
431 3167 655 3247 praeparatione
677 3166 814 3246 quadam:
841 3169 924 3231 scire
945 3169 1068 3248 quidem
1089 3184 1158 3230 sum
1180 3165 1217 3226 in

208 3269 368 3328 mortuam,
381 3252 456 3331 qnid
470 3253 534 3314 acti
545 3254 595 3330 cit,
610 3258 711 3314 tumeo
721 3252 871 3315 rationem
882 3267 1001 3332 quoquc
1013 3253 1092 3332 sacti
1107 3252 1215 3312 cuius-

167 3343 268 3412 Μαι
289 3352 475 3413 copnosccrc
493 3353 534 3396 ne
552 3343 709 3414 procetur.
756 3333 873 3396 interim
893 3345 1015 3416 propter
1035 3335 1162 3414 aliquem
1184 3335 1217 3394 in

210 3418 363 3478 consilium
385 3416 541 3478 adhibitum
562 3435 616 3479 nos
639 3430 777 3500 repetere
802 3420 852 3482 illa
877 3419 1061 3494 simulemus,
1078 3418 1216 3494 interim,

209 3509 239 3560 ut
255 3501 309 3575 rei,
326 3517 401 3580 quae
416 3517 454 3558 ex
469 3501 593 3563 adverso
607 3513 797 3584 proponatur,
813 3505 990 3585 iniquitatem
1005 3518 1105 3562 omnes
1122 3502 1218 3562 etiarn
1289 3583 1290 3586 Ἴ
