2570 3946
187 193 228 256 32
506 204 872 265 ιιιιιιιριιιιιιιιιιιιι

186 381 262 432 mus:
284 360 411 440 ideoque
435 377 497 421 cum
517 353 700 440 κυριαιιχενα
720 361 812 420 mirati
834 361 938 436 simus,
965 360 1188 424 incuruicerui-

187 465 257 510 cum
278 445 328 506 vix
350 463 366 505 a
387 446 447 506 risu
469 444 660 505 defendimus.

144 541 177 601 71
270 530 427 609 Propria
444 537 510 589 sunt
523 527 625 604 rerba,
643 545 706 587 eum
725 526 754 588 id
768 527 941 606 significant,
958 528 987 588 in
1002 525 1080 608 qued
1097 529 1188 607 prlmo

187 616 366 676 denominata
385 620 467 680 sunt:
487 611 691 686 translata,
712 629 776 672 cum
792 612 878 673 alium
895 619 996 673 natura
1011 611 1189 674 intellectum

186 701 272 762 aliurn
292 699 361 759 loco
384 694 535 775 praebent.
577 693 738 756 Usitatis
758 698 846 757 tutius
865 697 985 772 utimur,
1006 714 1109 759 nona
1132 711 1188 766 ncn

185 786 248 844 siue
271 780 395 861 quodam
415 779 547 860 periculo
570 779 712 857 fingimus.
751 778 823 840 Nam
844 782 868 839 si
887 787 1009 858 recepta
1031 788 1107 856 sunt,
1129 797 1188 840 mo-

186 868 278 928 dicam
297 864 410 926 laudem
427 865 551 926 aderunt
568 864 707 932 orationi3
730 863 756 924 si
775 864 942 943 repudiata,
961 865 1046 925 etiarn
1061 865 1089 924 in
1103 865 1187 926 iocos

144 955 178 1013 72
186 957 302 1012 exeunt
343 947 514 1011 Audendum
537 957 647 1018 tamen,
676 963 816 1028 namque,
840 957 871 1008 ut
894 945 999 1008 cicero
1024 949 1079 1026 ait,
1103 949 1189 1008 etiam

186 1051 261 1114 quae
289 1035 381 1114 primo
405 1033 475 1094 dura
502 1034 565 1093 visa
589 1039 671 1109 aunt,
699 1049 753 1092 usu
778 1030 954 1093 molliuntur.
996 1032 1055 1092 Sed
1076 1031 1189 1108 minime

185 1118 269 1180 nobis
293 1135 434 1180 concessa
457 1125 502 1178 est
524 1109 752 1196 &capescente
775 1117 840 1218 quis
862 1115 1051 1216 animiam,
1075 1117 1100 1176 si
1122 1103 1189 1194 quid

140 1236 144 1242 ·
186 1201 279 1264 simile
301 1201 358 1263 illis
380 1203 483 1263 merito
511 1200 633 1262 laudatis
655 1200 732 1281 λίγξε
750 1195 814 1280 βιός
835 1208 864 1260 et
885 1199 943 1272 σιζι
915 1161 1119 1279 §iacente
1137 1198 1188 1259 lin-

184 1305 257 1366 gere
275 1284 452 1348 audeamus?
483 1284 543 1346 lam
559 1303 596 1346 ue
615 1284 725 1346 balare
741 1284 856 1362 quidem
874 1291 921 1344 aut
938 1283 1060 1348 hinnire
1074 1284 1189 1344 fortiter

268 1536 318 1597 vl.
364 1535 418 1596 Est
438 1538 523 1596 etiam
545 1553 597 1596 sua
619 1535 805 1614 loquentibus
828 1533 1023 1611 obseruatio,¹
1042 1554 1094 1597 sua
1117 1538 1189 1597 scri·

185 1620 329 1682 bentibus.
368 1621 470 1681 Sermo
492 1628 606 1680 constat
621 1621 734 1680 ratione
753 1619 802 1680 vel
817 1627 979 1695 vetustate,
1004 1621 1190 1697 auctoritate,

187 1705 404 1767 consuetudine.
442 1705 593 1766 Rationem
613 1712 742 1783 praestat
764 1704 923 1783 praecipue
945 1702 1096 1781 analogia,
1119 1721 1191 1764 non·

185 1807 327 1870 uunquam
350 1797 379 1850 et
402 1787 589 1867 etymologia.
633 1788 744 1849 Vetera
765 1789 902 1848 maiestas
924 1785 1066 1865 quaedam
1086 1796 1133 1865 et,
1161 1797 1192 1848 ut

161 1871 230 1936 2sic
247 1874 383 1951 dixerim,
404 1872 544 1952 religiosa
562 1873 751 1935 commendat.
789 1872 957 1933 Auctoritas
973 1870 1009 1933 ab
1026 1871 1191 1934 oratoribus

184 1959 234 2021 vel
255 1958 401 2020 historicis
423 1959 483 2038 peti
505 1955 600 2027 solem
630 1975 694 2026 narn
716 1964 819 2035 poetas
841 1956 925 2016 metri
953 1957 1115 2016 nenessitas
1141 1974 1190 2016 ex-

187 2052 284 2118 cusat,
306 2042 363 2103 nisi
384 2041 497 2120 quando
518 2041 589 2102 nihil
608 2042 784 2119 impediente
805 2042 834 2101 in
849 2049 973 2119 utroque
994 2039 1192 2101 modulatione

186 2127 291 2206 pedum
311 2126 432 2186 alterum
446 2123 571 2201 malunt,
592 2125 686 2204 qualia
703 2133 785 2201 sunt,
804 2123 868 2190 imo
883 2125 922 2186 dc
936 2126 1033 2205 stirpe
1047 2126 1191 2199 recisum,

188 2219 217 2271 ct
233 2207 348 2272 Atride
370 2224 429 2288 qao
449 2227 630 2292 conpescere
648 2209 827 2288 palumbes,
850 2218 879 2270 et
893 2207 989 2272 Silice
1009 2210 1042 2270 in
1056 2210 1144 2270 nudo
1164 2216 1193 2268 et

187 2293 306 2363 similia;
330 2310 394 2353 cum
412 2310 585 2354 summorum
605 2293 819 2372 ineloquentia
837 2295 964 2354 virorum
983 2292 1119 2355 iudicium
1136 2308 1192 2370 pro

186 2379 298 2440 ratione
320 2386 349 2438 et
370 2376 451 2438 velut
474 2393 558 2438 error
575 2378 715 2439 honestus
739 2386 784 2438 est
805 2395 925 2458 magnos
952 2378 1043 2439 duces
1067 2393 1192 2456 sequeu-

159 2462 272 2523 3tibus.
308 2459 496 2523 Consuetudo
510 2479 582 2523 vero
601 2462 762 2524 certissima
778 2462 916 2541 loquendi
931 2463 1086 2541 magistra,
1109 2469 1192 2522 uten-

187 2547 311 2626 dumque
332 2545 420 2626 plane
443 2563 578 2608 sermone
599 2556 631 2607 ut
652 2562 783 2624 nummo,
812 2548 858 2606 cui
880 2545 997 2625 publica
1018 2546 1111 2615 torma
1134 2553 1190 2606 est.
1264 2613 1265 2618 ἵ

187 2629 286 2692 Omnia
310 2639 406 2692 tamen
431 2631 506 2692 haee
535 2633 653 2732 emigrant
678 2647 747 2692 acre
776 2630 927 2708 iudicium,
958 2632 986 2691 in
1014 2630 1193 2707 analogia

186 2716 361 2794 praecipue,
384 2733 469 2795 quam
492 2716 623 2794 proxime
646 2733 684 2776 ex
704 2714 817 2778 Graeco
839 2715 1050 2777 transferentes
1069 2715 1098 2774 in
1117 2713 1193 2774 Lati·

161 2816 253 2928 ‘inum
270 2800 499 2943 ssbffiatb‘bnzin:
512 2808 707 2960 psqcqurppt
715 2884 793 2963 quod
814 2882 929 2944 dubium
944 2892 1005 2958 est,
1029 2883 1065 2944 ad
1083 2882 1194 2961 aliquid

187 2966 291 3050 simile,
308 2966 345 3028 de
360 2983 417 3046 quo
432 2982 490 3027 non
505 2969 662 3046 quaeritur,
678 2966 788 3029 referat
801 2975 831 3028 et
845 2967 956 3029 incerta
971 2968 1059 3029 certis
1074 2965 1193 3046 probet.

188 3049 274 3126 Quod
293 3051 418 3111 eflicitur
439 3050 548 3130 duplici
566 3053 629 3113 uia.
652 3053 868 3131 comparatione
890 3052 1053 3114 similium·
1044 3071 1073 3113 ιιι
1095 3057 1195 3113 extre·

187 3136 255 3196 mis
260 3136 382 3196 mamma
400 3134 539 3213 syllabis,
563 3146 685 3215 propter
706 3137 784 3216 quod
803 3154 837 3197 eu
856 3153 931 3216 quae
950 3144 1015 3197 sunt
1034 3155 1050 3196 e
1069 3133 1195 3212 singulis

161 3225 329 3298 tnegautur
351 3219 461 3281 debere
482 3221 639 3297 rationem,
662 3229 692 3280 et
714 3221 917 3282 deminutione.
952 3218 1196 3299 comparatio

187 3305 217 3364 in
233 3303 394 3366 nominibus
419 3313 467 3366 aut
490 3322 582 3383 genus
602 3305 793 3384 deprehendit
813 3315 862 3367 aut
877 3305 1114 3372 declinationem:
1138 3320 1196 3380 ge·

188 3407 258 3466 nus,
284 3397 315 3450 ut
336 3390 361 3450 si
383 3396 554 3468 quaeratur,
582 3389 669 3469 firmic
689 3389 875 3451 masculinum
899 3391 936 3450 ait
957 3407 993 3450 an
1013 3389 1197 3464 femininum,

188 3471 282 3533 simile
297 3471 342 3534 illi
360 3473 398 3532 sit
416 3473 523 3553 partiar
546 3471 785 3552 declinationem,
808 3482 839 3534 ut
858 3475 883 3534 si
903 3475 1000 3534 ueniat
1014 3474 1044 3534 in
1063 3471 1197 3552 dubium,
