2592 3940
401 243 846 315 msmonnuon.u1n.v1,4.‚
958 308 959 311 Ἴ
1053 237 1113 300 281

115 404 262 486 paululum
279 402 474 482 impendamus
490 399 557 461 huic
578 418 695 480 quoque
719 402 876 480 peculiaris
894 419 1020 481 operae,
1040 407 1116 484 quae

4 479 5 498 ³
115 488 231 568 quidem
245 489 274 547 in
285 486 454 566 quibusdam
469 485 564 545 causis
580 485 615 545 ad
629 487 780 546 victoriam
795 486 844 545 vel
859 485 1012 564 plurimum
1025 485 1114 548 ualet.

4 587 5 634 1
113 571 187 632 liam
203 580 235 630 ut
248 572 278 630 in
293 568 432 649 qualitate
448 568 591 646 generali,
607 570 636 629 in
653 586 719 648 qua,
735 577 856 630 rectene
871 570 978 630 iactum
995 570 1063 649 quid
1080 581 1144 636 and
1268 597 1271 603 ·

114 664 215 716 contra
230 656 277 730 sit,
291 655 449 733 quaeritur,
461 661 604 730 perpetua
618 651 779 714 dominatur
797 654 906 723 oratic;
924 663 954 713 et
969 655 1115 732 quaestio·

44 743 48 748 '
112 757 178 799 nem
200 737 335 798 linitionis
357 738 488 797 actiones
509 734 682 815 plerumque
708 737 778 797 satis
804 737 950 818 explicant
972 745 1002 797 et
1022 740 1117 799 omnia

111 839 224 902 paene,
249 823 278 881 in
298 819 403 900 quibus
427 819 465 879 de
486 820 564 880 iacto
586 829 700 880 constat
720 829 769 881 aut
790 822 957 882 coniectura
975 821 1116 882 artificiali

111 907 225 967 ratione
241 904 403 982 colligitur:
418 904 457 964 ita
472 903 549 963 iniis
565 904 670 980 causis,
687 921 762 981 quae
775 913 840 964 sunt
851 904 1115 984 frequentissimae,

113 1007 188 1068 quae
206 987 256 1049 vel
278 989 350 1048 solis
371 996 455 1047 extra
477 995 567 1047 artem
587 986 807 1064 probationibus
835 988 885 1049 vel
909 988 1005 1048 miritis
1024 988 1115 1049 conti·

112 1081 232 1148 nentur,
252 1073 411 1150 asperrima
427 1072 456 1130 in
470 1071 525 1131 hac
539 1079 622 1148 parte
637 1069 783 1152 dimicatio
800 1079 862 1144 est,
878 1089 935 1131 nec
949 1071 1018 1132 alibi
1033 1071 1114 1132 dixe·

111 1159 152 1217 ris
166 1156 258 1233 magis
274 1171 411 1215 mucrone
426 1155 558 1233 pugnari.
594 1151 667 1213 Nam
689 1161 719 1212 et
732 1151 893 1214 firmissima
907 1169 1040 1232 quaeque
1055 1151 1145 1225 mes

111 1241 221 1301 moriae
235 1238 337 1299 iudicis
356 1235 526 1298 inculcanda
542 1244 623 1312 sunt,
644 1244 673 1295 et
690 1236 911 1314 praestandum,
934 1236 1072 1316 quidquid
1086 1238 1117 1299 in

112 1325 227 1385 actione
246 1321 444 1405 promisimus,
466 1328 496 1379 et
513 1318 678 1400 ¹refellenda
700 1320 860 1382 mendacia.
903 1318 1052 1398 Nusquam
1070 1330 1118 1381 est

110 1406 254 1484 denique,
284 1405 333 1482 qui
359 1403 529 1480 cognoscit,
557 1404 702 1462 intentior.
746 1402 811 1464 Nec
834 1405 974 1464 immerito
1002 1405 1116 1483 quidam

112 1503 274 1569 quanquam
290 1489 320 1547 in
340 1487 464 1547 dicendo
486 1486 651 1547 medioeres
673 1485 730 1546 linc
747 1481 842 1563 tamen
856 1486 1015 1548 altercandi
1031 1505 1115 1566 prae·

111 1573 214 1633 stantia
234 1578 401 1631 meruerunt
419 1586 524 1631 nomen
544 1579 738 1648 patronorum.
774 1570 814 1630 At
834 1569 948 1649 quidam
963 1570 1145 1648 litigatori-q

110 1655 165 1716 bus
187 1656 247 1716 suis
267 1654 346 1714 illum
364 1652 452 1713 modo
474 1652 654 1715 ambitiosum
676 1653 856 1715 declamandi
879 1654 1115 1740 sudoremprae·

111 1741 221 1800 stitisse
242 1737 370 1799 contenti
402 1756 466 1797 cum
494 1736 577 1797 turba
601 1737 774 1798 laudantium
796 1738 954 1799 destituunt
974 1735 1115 1798 subsellia

111 1838 295 1902 pugnamque
321 1819 400 1881 illam
424 1820 618 1881 decretoriam
643 1822 782 1900 imperitis
809 1838 844 1882 ac
869 1838 961 1900 saepe
985 1820 1115 1899 pullatae

4 1901 5 1968 J
110 1906 214 1966 turbae
235 1905 409 1983 relinquunt.
460 1903 562 1983 ltaque
586 1905 687 1965 rideas
709 1904 783 1964 alios
810 1904 982 1983 pierumque
1002 1903 1141 1976 indiuisa

111 1990 231 2069 privatis
257 1988 293 2049 ad
316 1989 448 2052 actiones
469 1986 605 2049 advocari
627 1988 702 2048 alios
725 1988 761 2048 ad
785 1987 996 2067 probationem.
1032 1985 1116 2060 Quae

112 2075 136 2133 si
157 2071 310 2133 dividenda
331 2079 397 2131 sunt
418 2071 530 2132 cilicia:
551 2071 609 2132 lroc
631 2078 712 2133 certe
732 2073 824 2149 magis
845 2063 1048 2131 necesses-iuni
1058 2078 1116 2146 est,

4 2175 5 2178 ¹
111 2156 334 2236 pudendumque
350 2154 443 2230 dictu,
464 2155 490 2214 si
505 2155 571 2234 plus
586 2154 764 2233 litigantibus
781 2162 904 2234 prosunt
917 2155 1054 2214 minores.
1084 2152 1117 2213 ln

4 2255 5 2310 ξ
111 2238 236 2319 publicis
259 2247 340 2299 certe
365 2238 479 2299 iudiciis
498 2255 559 2298 vox
585 2237 635 2299 illa
655 2239 810 2317 praeconis
834 2247 953 2316 praeter
976 2245 1116 2317 patronos

111 2325 216 2401 ipsum,
232 2322 280 2399 qui
295 2321 404 2398 egerit,
421 2321 500 2380 citat.

197 2403 277 2482 Opus
313 2411 360 2463 est
394 2403 481 2480 igitur
511 2403 640 2480 inprimis
673 2403 791 2481 ingenio
821 2402 919 2464 veloci
945 2419 980 2462 ao
1005 2401 1147 2480 mobilis

112 2489 206 2549 animo
221 2486 370 2566 praesenti
385 2494 414 2545 et
429 2487 499 2545 acri.
528 2484 594 2546 Non
609 2486 683 2546 enim
699 2487 882 2564 cogitandum
900 2486 952 2546 sed
963 2484 1117 2546 dicendum

113 2571 209 2631 statim
231 2577 275 2630 est
296 2579 326 2630 et
347 2584 443 2648 propo
465 2567 519 2628 sub
542 2578 645 2630 conatu
668 2569 828 2630 adversarii
844 2586 943 2630 manus
961 2569 1115 2646 exigenda.

113 2653 211 2728 Quare
227 2671 291 2714 cum
306 2653 335 2712 in
351 2653 427 2712 omni
442 2660 526 2731 parte
545 2651 666 2713 huiusce
687 2653 777 2713 oflicii
793 2652 945 2732 plurimum
962 2651 1050 2730 iacit,
1072 2660 1116 2712 to·

112 2746 157 2799 tas
172 2753 230 2796 non
245 2735 400 2814 diligenter
414 2734 501 2795 ruodo
519 2735 571 2796 sed
590 2739 675 2796 etiam
696 2735 875 2797 iamiliariter
888 2753 978 2796 nosse
996 2750 1117 2800 causas:

112 2829 171 2882 tum
185 2822 215 2882 in
242 2818 432 2880 altercatione
454 2819 577 2879 maxime
598 2821 795 2880 necessarium
818 2829 879 2896 est,
904 2819 1027 2879 omnium
1049 2835 1116 2897 per·

4 2929 5 2938 ¹
112 2921 262 2982 sonarum,
283 2905 552 2977 instrumentorum,
579 2901 1042 2981 temporum,loeoruml1abere
1065 2917 1116 2962 no·

112 2988 213 3048 titiam.
248 2983 368 3066 Alioqui
394 2995 425 3048 et
445 2986 597 3046 tacendum
613 2987 668 3048 erit
684 3003 774 3065 saepe
791 2994 836 3063 et,
861 2985 925 3047 aliis
941 2985 1116 3046 subiicienti-

113 3068 186 3146 bus,
212 3069 383 3149 pierumque
413 3069 508 3132 sardio
530 3070 667 3149 loquendi
686 3070 769 3132 iatue·
790 3070 876 3131 modo
903 3068 1116 3137 accedendum

115 3168 172 3232 quo
187 3168 388 3232 nonnunquam
405 3152 526 3230 accidit,
548 3163 579 3214 ut
593 3157 733 3214 innostra
750 3153 922 3215 credulitate
936 3153 1032 3214 adens
1046 3150 1117 3212 stul·

4 3229 6 3266 ³
114 3235 176 3297 titia
192 3233 409 3297 erubescamus.
446 3236 550 3315 Neque
566 3247 674 3299 tantum
689 3238 746 3299 hoc
760 3237 832 3316 ipsis
847 3235 1038 3298 monitoribus
1056 3234 1144 3304 cla-9

4 3507 5 3522 ¹
115 3486 188 3546 rium

114 3319 220 3390 reseit;
247 3318 361 3398 quidam
374 3318 483 3380 iaciunt
497 3330 613 3398 aperte,
636 3339 711 3402 quae
735 3321 872 3381 rixemur.
909 3318 1018 3381 Videas
1041 3318 1148 3379 enim*

115 3403 278 3547 pleropque
291 3403 334 3464 ira
347 3403 477 3482 percitos
493 3402 705 3480 exclamantes,
723 3411 755 3462 ut
771 3403 859 3465 index
875 3402 987 3480 audiat,
1003 3410 1115 3464 contra·

248 3503 326 3563 esse,
342 3485 421 3566 qnod
435 3484 652 3565 admoneantur,
669 3487 802 3566 sciatque
813 3485 876 3566 ille,
893 3488 942 3565 qui
952 3484 1120 3600 pronuntin-
