2608 3948
204 229 265 292 116
517 238 882 301 τι.τττ.ρτῐννιῐ,ῑτνι

198 399 344 480 portibus
363 403 508 479 spontane
529 397 575 458 ad
589 396 815 474 quaestionem
835 403 899 454 ant:
924 391 1031 456 Oeneo
1050 403 1097 459 eet
1115 415 1205 476 neqe-

202 485 292 560 ann,
317 485 406 545 enine
422 481 495 561 tireio
511 488 556 544 est
572 479 792 542 controversia.
826 476 925 559 lpsum
940 477 1045 539 deinde
1060 483 1208 558 negotium

201 569 246 627 sio
260 567 337 628 linit:
358 563 518 646 Nepotiane
539 571 584 626 est
601 563 799 644 omepreqatio
815 579 1039 642 personarum,
1062 565 1209 643 laeenam,

201 664 386 732 temporum,
408 665 593 726 nautarum,
611 647 785 723 medorum,
807 665 952 721 eamean,
969 647 1142 726 saetenuu,
1160 651 1209 712 in-

201 743 457 807 strumentorum,
477 751 668 809 tentionum,
686 733 873 812 scriptoram
891 736 920 794 et
933 749 994 796 twa
1012 733 1209 813 scriptarum.

159 817 328 880 ltiGausam
353 835 430 877 nane
450 816 646 894 intelligamus
667 808 830 893 ὑπόθεσιν,
858 817 1008 894 negotium
1029 818 1208 900 nantonense.

202 903 262 963 Sed
284 910 313 962 et
328 903 421 980 ipsam
438 917 555 961 eausam
570 899 686 980 qnidam
706 899 844 960 similiter
862 899 1010 976 linierunt,
1031 911 1063 961 ut
1085 900 1209 982 Apelle·

201 985 290 1046 dorus
306 987 464 1064 negotium.
496 984 645 1046 ¹leocrates
661 993 757 1044 autem
775 999 891 1045 eausam
914 1001 982 1044 esse
1004 985 1044 1046 ait
1058 987 1210 1064 quaestio-

201 1088 269 1132 nem
293 1069 411 1149 petitam
437 1069 556 1131 eietlmn
577 1076 633 1130 out
655 1087 761 1132 rernm
781 1070 1024 1131 controversiam
1046 1072 1078 1132 tn
1098 1089 1210 1150 perse—

200 1171 312 1216 narum
325 1153 482 1233 aaronem
493 1153 672 1233 compleam·
688 1148 797 1214 emero
810 1152 854 1213 his
866 1152 981 1213 verbis:
998 1150 1105 1216 Cassan
1117 1156 1210 1218 cerna

196 1242 359 1324 persenia,
374 1237 466 1316 nese,
486 1238 689 1318 temperiem,
708 1237 899 1315 avennione,
916 1238 1044 1317 neema
1059 1241 1210 1316 cernitur,

201 1331 257 1384 ent
274 1323 307 1384 in
327 1323 467 1385 nonnitus
488 1330 543 1384 out
558 1324 592 1383 e'n
610 1321 768 1402 plerisque
788 1337 903 1383 eorum.

526 1473 615 1533 QUID
638 1473 699 1526 sii
723 1473 884 1528 STATUS.

286 1569 336 1629 vi.
374 1569 455 1648 lque
479 1585 544 1630 eum
565 1573 657 1632 omnis
681 1587 768 1631 eausa
793 1572 975 1632 contineatur
995 1570 1094 1649 alique
1120 1580 1208 1649 statu,

202 1655 372 1734 priusquam
387 1651 488 1714 dieere
504 1654 678 1732 aggredior,
701 1671 760 1732 quo
775 1655 863 1714 mole
878 1671 972 1732 genas
988 1655 1125 1734 querique
1141 1674 1208 1716 eau-

201 1756 254 1799 sae
277 1740 315 1798 sit
335 1737 530 1800 tractandam:
553 1738 581 1798 id
603 1738 681 1818 qued
704 1748 750 1798 est
771 1753 922 1798 commune
947 1737 1095 1815 omuibus,
1121 1741 1208 1818 quid

202 1823 252 1883 sit
272 1829 392 1882 status
415 1831 445 1882 et
466 1823 561 1883 unde
580 1823 738 1884 dueatur
759 1831 788 1881 et
811 1830 902 1899 quet
925 1830 954 1881 et
974 1821 1033 1900 qui
1054 1825 1143 1900 sint,
1166 1824 1207 1883 in·

201 1906 339 1967 tuendum
359 1914 441 1985 puto.
477 1905 647 1985 Quanquam
668 1906 697 1967 id
720 1905 849 1966 nonnulli
870 1905 906 1966 atl
927 1906 1078 1967 iudieiales
1099 1916 1207 1968 tantum

201 1993 351 2069 pertinere
365 1993 501 2052 materias
519 1998 707 2070 putaverunt,
725 2006 846 2069 querum
863 1989 1016 2067 inseitiam,
1034 2009 1098 2051 eum
1114 1994 1208 2054 emnia

176 2076 255 2134 utria
282 2091 394 2152 genera
420 2075 504 2135 iuere
529 2083 689 2149 executus,
717 2091 767 2134 res
789 2075 854 2152 ipsa
876 2073 1085 2153 deprehendet.
1122 2075 1209 2150 Quod

202 2174 256 2218 nes
271 2166 384 2221 atatem
401 2160 429 2220 id
448 2158 563 2239 quidam
579 2159 819 2220 ominationem
840 2167 964 2234 veeaat,
986 2159 1035 2220 alii
1052 2162 1207 2239 qaaestio-

200 2260 285 2319 τιτττ,
308 2241 357 2303 alii
372 2244 454 2322 qued
471 2261 511 2305 en
528 2243 708 2321 quaestione
725 2251 898 2322 appareat,
920 2241 1093 2304 l'lreederus
1115 2249 1209 2324 eaput

200 2326 230 2387 id
253 2335 298 2387 eet
321 2321 486 2404 tapsitanos
509 2319 721 2406 γενικώτατον,
751 2327 786 2388 ad
811 2325 889 2406 qued
912 2326 1077 2388 referantur
1101 2331 1206 2390 emnia.

202 2408 332 2484 Quorum
348 2411 464 2471 diversa
480 2408 659 2489 appellatio,
681 2411 725 2470 ris
744 2411 847 2473 eadem
864 2421 925 2480 της
947 2429 1004 2472 nee
1022 2415 1145 2473 interest
1166 2412 1208 2474 ali·

203 2494 362 2570 seentium,
386 2494 489 2574 quibus
514 2493 640 2572 quidque
663 2496 825 2557 nominibus
851 2495 1034 2576 appelletur,
1065 2496 1131 2559 darn
1158 2515 1209 2558 res

177 2579 267 2658 3ipea
281 2577 433 2639 manifesta
456 2579 501 2637 sit.
539 2579 650 2638 Statum
666 2578 771 2641 Graeei
790 2574 894 2643 στάσιν
914 2590 1038 2658 vaeniit,
1064 2582 1140 2660 qued
1156 2599 1208 2642 ne·

194 2680 268 2724 -men
280 2679 341 2722 nen
355 2664 477 2741 primum
492 2661 528 2723 ab
546 2661 725 2742 Hermagora
743 2664 879 2727 traditum
894 2673 1013 2744 putant,
1036 2665 1089 2726 sesl
1104 2666 1154 2726 alii
1171 2665 1208 2727 ab

200 2743 365 2822 Naaerate,
392 2745 530 2806 lseoratis
555 2746 715 2827 diseipule‚
746 2749 795 2810 alii
820 2767 837 2811 a
859 2748 977 2829 Zopyro
1002 2746 1207 2821 Clazomenie;

201 2843 364 2906 quanquam
376 2828 491 2890 videtur
502 2829 667 2893 Aesehiues
681 2850 797 2912 queque
810 2835 983 2896 irroratione
1000 2843 1101 2896 eontra
1113 2832 1209 2896 (ltesi-

200 2909 339 2990 phantom
353 2913 393 2973 uti
408 2911 466 2974 hoe
480 2913 584 2992 verbo,
602 2934 666 2977 eum
682 2934 698 2977 a
712 2917 854 2978 iudicibus
869 2921 953 2997 petit,
968 2936 1005 2979 no
1016 2917 1210 2981 Demostheni

199 2996 367 3073 permittant
391 3001 510 3077 evagari
530 2999 583 3060 soal
607 3019 674 3060 euna
689 3002 789 3061 ‹lieere
804 3001 841 3062 tle
860 3003 925 3081 ipso
943 3017 1049 3064 eausae
1064 3013 1141 3065 statu
1156 3021 1209 3065 ee·

173 3087 278 3156 egani.
320 3078 403 3154 Quae
420 3083 581 3163 appellatio
599 3083 704 3145 dieitur
725 3085 812 3145 dueta
826 3086 875 3146 vel
892 3104 929 3146 ex
945 3105 999 3164 ee,
1021 3089 1099 3167 qued
1114 3088 1155 3149 ibi
1169 3092 1211 3150 sit

199 3165 308 3240 primus
325 3181 431 3228 eausae
452 3185 648 3246 eengresaus,
670 3167 720 3228 rel
736 3169 814 3246 qaod
830 3171 858 3230 in
874 3171 932 3232 lree
948 3190 1035 3234 eausa
1054 3175 1208 3234 consistat.

199 3244 237 3307 lit
262 3250 384 3310 nominis
410 3253 526 3330 quidem
548 3251 623 3311 liaeo
651 3253 753 3329 erige;
777 3271 852 3316 nune
877 3255 962 3335 quil
993 3258 1051 3318 sit.
1094 3257 1211 3318 Statum

200 3331 314 3409 quidam
339 3334 474 3394 dixerunt
493 3337 629 3414 primam
658 3352 828 3400 oaneornm
858 3337 1100 3418 eenlls'ota'oneme
1130 3357 1209 3420 ques

171 3423 281 3476 traete
305 3418 450 3493 sensisse,
474 3435 574 3497 param
597 3417 732 3481 elocutos
754 3431 836 3501 pate.
873 3422 940 3484 Nan
956 3426 1030 3486 enim
1046 3434 1093 3485 est
1113 3433 1210 3486 status

196 3500 288 3578 prima
304 3499 467 3577 casiliello,
488 3501 607 3581 semen,
625 3521 687 3566 nen
704 3505 788 3584 feet}
810 3507 863 3568 soal
879 3509 957 3588 qued
975 3527 1012 3569 ex
1027 3510 1119 3589 prima
1134 3523 1208 3570 een·
