2608 3948
344 240 434 289 meu.
449 240 599 290 opauco.
615 241 685 288 nm.
701 243 744 309 11,
759 238 802 293 14.
820 243 862 293 15.
1072 231 1113 294 85

191 393 282 472 lgitur
294 394 441 456 rhetorice
467 395 549 472 (iam
570 397 645 455 enim
667 399 730 456 sine
748 405 826 456 metu
846 396 1039 460 cavillationis
1053 411 1145 464 ute-5

106 495 169 538 mor
183 476 237 538 hac
253 477 468 558 appellatione)
484 480 539 555 sic,
554 488 585 539 ut
599 482 715 560 opinor,
731 483 840 559 optime
860 481 1015 560 dividetur,
1031 494 1062 544 ut
1077 486 1114 546 de

107 572 206 637 arte,
229 561 267 622 de
287 563 462 639 artifice,
484 563 521 623 de
543 580 658 643 opere
681 564 819 625 dicamus.
858 565 1015 643 Arserit,
1039 585 1115 646 quae

107 644 260 724 disciplina
278 648 392 724 percipi
410 646 511 715 debet;
529 664 564 706 ea
582 657 628 707 est
650 648 742 708 hene
764 648 914 709 dicendi
936 654 1113 713 scientia.

105 730 257 790 Artifex
282 739 343 805 est,
367 731 415 808 qui
435 733 570 809 percepit
590 729 664 792 hanc
686 740 796 808 artem,
822 731 850 792 id
875 742 936 810 est,
966 744 1113 814 orator,

106 816 188 874 cuius
206 821 251 873 est
268 831 376 874 summa
390 813 596 884 benedicere;
623 834 732 895 opus,
755 817 833 894 quod
852 817 978 879 efficitur
995 819 1031 880 ah
1046 822 1113 881 arti·

105 899 178 974 lice,
200 897 228 957 id
251 905 309 974 est,
334 898 426 959 hona
446 901 579 959 oratio.
621 899 702 961 llaec
717 903 812 960 omnia
827 919 927 962 rursus
943 902 1115 965 diducuntur

104 984 134 1042 in
150 983 282 1060 species;
303 982 356 1043 sed
375 982 425 1043 illa
440 985 592 1062 sequentia
609 1001 663 1044 suo
680 985 765 1061 loco,
788 1003 863 1046 nnnc
879 1005 953 1066 quae
972 987 1009 1048 de
1022 991 1114 1067 prima

106 1075 189 1145 parte
205 1066 354 1128 tractanda
369 1077 450 1143 sunt,
467 1068 574 1128 ordiar.

256 1217 332 1280 QUID
349 1218 401 1270 SIT
420 1219 607 1270 RHETORICE
624 1219 667 1268 ET
685 1217 758 1278 QUIS
777 1218 850 1272 EIUS
869 1220 964 1274 umus.
1025 1213 1026 1216 ¹

188 1313 252 1374 XV.
285 1315 361 1375 hnte
377 1317 487 1393 omnia,
512 1317 580 1394 quid
599 1318 637 1376 sit
651 1315 810 1376 rhetorice.
844 1316 927 1391 Quae
942 1317 1038 1379 linitur
1051 1324 1112 1399 qui·

105 1399 170 1478 dem
183 1401 264 1459 varie
280 1398 333 1458 sed
348 1401 549 1478 quaestionem
563 1399 651 1462 habet
666 1399 823 1480 duplicem,
840 1410 889 1462 aut
904 1403 978 1462 enim
990 1403 1026 1464 de
1043 1421 1112 1483 qua-
1219 1398 1221 1402 ’

105 1483 185 1542 litate
200 1484 292 1560 ipsios
312 1485 357 1542 rei
376 1491 424 1542 aut
446 1483 483 1544 de
503 1483 765 1563 comprehensione
787 1485 944 1547 uerborum
965 1486 1110 1550 dissensio

102 1575 159 1626 est.
194 1566 287 1627 Prima
305 1574 392 1645 atque
407 1569 565 1646 praecipua
588 1571 753 1647 opinionum
769 1571 848 1631 circa
862 1569 920 1631 hoc
935 1571 1110 1653 differentia,

104 1650 183 1730 quod
207 1649 255 1710 alii
276 1649 370 1712 malos
398 1667 516 1730 quoque
542 1654 622 1712 viros
645 1670 736 1737 posse
756 1664 889 1716 oratores
911 1654 969 1715 dici
993 1666 1109 1734 putant:

103 1735 162 1810 alii,
183 1751 304 1814 quorum
319 1752 373 1795 nos
389 1738 552 1797 sententiae
568 1737 744 1816 accedimus,
760 1756 865 1802 nomen
880 1737 938 1799 hoc
950 1748 1110 1818 artemque,

104 1818 140 1879 de
156 1835 212 1898 qua
228 1817 390 1897 loquimur,
406 1819 491 1880 honis
507 1821 621 1882 demum
639 1822 725 1882 tribui
740 1821 851 1883 volunt.
881 1821 990 1883 Eorum
1004 1834 1140 1902 autema

105 1905 153 1982 qui
176 1903 291 1963 dicendi
314 1904 482 1964 facultatem
502 1921 519 1965 a
539 1907 650 1965 maiore
673 1923 707 1965 ac
728 1906 821 1984 magis
848 1906 1013 1984 expetenda
1033 1910 1110 1968 vitae

103 1988 189 2048 lande
215 1996 386 2064 secernunt,
422 1989 536 2067 quidam
559 1987 727 2050 rhetoricen
756 1992 814 2050 vim
843 1999 965 2068 tantum,
998 1991 1111 2070 quidam
1126 2027 1144 2060 ,-

103 2072 255 2132 scientiam
271 2070 323 2131 sed
341 2088 399 2131 non
412 2073 559 2140 virtutem,
577 2072 691 2152 quidam
701 2085 794 2151 usum,
811 2075 926 2153 quidam
941 2083 1032 2136 artem
1048 2077 1109 2154 qui·

103 2155 168 2216 dem
185 2155 238 2216 sed
254 2173 270 2215 a
284 2158 406 2217 scientia
421 2166 451 2218 et
465 2159 572 2218 virtute
588 2157 774 2235 disiunctam,
800 2158 913 2238 quidam
937 2161 1022 2220 etiarn
1043 2178 1109 2240 pra·

101 2243 220 2300 vitatem
236 2240 378 2318 quandam
391 2243 477 2317 artis,
494 2241 524 2302 id
539 2251 585 2302 est
599 2243 800 2322 κακοτεχνίαν,
816 2245 1045 2304 nominaverunt.
1075 2243 1139 2308 lli3

101 2323 166 2384 fere
182 2332 230 2384 aut
252 2326 281 2383 in
296 2325 501 2404 persuadendo
519 2334 567 2386 aut
587 2328 617 2386 in
641 2326 765 2388 dicendo
786 2337 854 2407 apte
875 2327 911 2388 ad
930 2327 1110 2407 persuaden-

102 2409 168 2469 dum
183 2409 310 2484 positum
325 2407 427 2468 orandi
440 2426 542 2469 munus
566 2418 632 2470 sunt
646 2410 785 2471 arbitrati.
822 2410 855 2472 ld
878 2413 954 2472 enirn
974 2411 1038 2472 fieri
1057 2429 1110 2491 po·

101 2498 160 2551 test
171 2488 208 2550 ah
225 2505 261 2549 eo
279 2507 406 2569 quoque,
423 2495 471 2571 qui
485 2495 530 2552 vir
544 2492 636 2553 honus
651 2497 770 2555 nonsit.
801 2493 856 2555 Est
871 2495 959 2573 igitur
973 2495 1109 2572 frequen·

100 2576 228 2636 tissimus
250 2573 331 2651 linis,
347 2574 523 2639 rhetoricen
538 2596 606 2638 ecce
624 2581 685 2647 cim
695 2580 919 2659 persuadendi.
952 2577 1037 2652 Quod
1051 2594 1109 2656 ego

100 2661 161 2722 vim
182 2657 319 2738 appello,
342 2657 477 2738 plerique
493 2668 686 2739 potestatem,
710 2661 841 2723 nonnulli
859 2662 1039 2741 facultatem
1057 2679 1108 2723 vo·

103 2753 181 2812 cant;
199 2760 274 2822 quae
287 2759 336 2803 res
351 2761 389 2803 ne
403 2743 470 2821 quid
481 2743 584 2805 aderat
595 2744 798 2823 ambiguitatis,
814 2747 875 2806 mm
889 2744 955 2806 dico
971 2738 1107 2825 δύναμιν.

101 2826 181 2889 llaec
199 2829 298 2906 opinio
314 2829 459 2906 originem
480 2827 515 2888 ab
537 2827 712 2908 leocrate
734 2830 781 2908 (si
800 2839 896 2890 tamen
915 2846 1020 2890 revera
1039 2832 1108 2908 Ars,
1120 2833 1153 2896 t‘

102 2929 176 2991 quae
192 2911 406 2989 circumfertur,
423 2914 485 2974 eius
499 2913 560 2994 est)
579 2913 674 2974 duxit..
699 2913 767 2990 oui,
784 2931 848 2974 cum
863 2913 952 2992 longe
969 2917 1038 2975 sita
1054 2931 1106 2974 vo·

101 2997 210 3057 luntate
231 2997 425 3059 infamantium
443 3000 568 3058 oratoris
584 2997 698 3075 officia,
714 2999 798 3060 linem
815 3000 885 3060 artis
903 3008 1014 3060 temere
1029 3015 1107 3058 com·

102 3078 267 3160 prehendit,
284 3081 385 3142 dio'ens
401 3100 469 3144 esse
484 3080 653 3144 rhetoricen
665 3083 879 3163 persuadendi
899 3083 1054 3164 opificem,
1078 3080 1114 3142 id

103 3172 149 3224 est
177 3167 301 3236 πενθοῦς
321 3156 515 3247 δημιουργόνς
542 3169 737 3245 nequeenim
763 3167 830 3228 mihi
858 3166 1038 3248 permiserim
1058 3181 1106 3224 ea·

102 3249 224 3309 demoti
240 3247 445 3326 declinatione,
464 3267 519 3329 qua
534 3247 644 3312 Ennius
663 3251 701 3312 hl.
718 3249 880 3329 Cethegum
895 3250 1025 3312 Soodue
1045 3267 1106 3310 me·

102 3333 221 3396 dullum
234 3341 332 3393 vocat.
359 3334 447 3412 Apud
460 3333 611 3396 Platonem
624 3352 741 3415 quoque
759 3335 882 3412 Gorgias
899 3337 929 3394 in
944 3331 1037 3407 libro,
1059 3333 1136 3410 quis

101 3415 216 3478 nomine
238 3419 300 3476 eius
322 3418 477 3498 inscriptus
500 3427 563 3496 est,
585 3420 661 3482 idem
676 3420 739 3480 fere
756 3419 840 3486 dicit:
863 3417 917 3479 sed
937 3415 1010 3477 hanc
1024 3415 1107 3480 Plato

100 3502 179 3562 illius
196 3503 363 3581 opinionem
378 3501 441 3564 vult
453 3503 549 3580 accipi
563 3519 622 3564 non
636 3521 725 3564 suam.
762 3499 867 3562 (licere
884 3500 1015 3582 pluribus
1033 3501 1107 3564 locis

1182 3607 1293 3662 -4-1
