2592 3940
187 205 278 275 '210
329 279 334 290 ,
398 181 401 188 ⁴
531 219 896 281 rannemundus

214 387 273 442 um
292 375 506 445 eoteeeset'dis
532 391 639 438 eausae
667 390 785 453 quoque
811 372 954 435 laetorum
979 375 1131 454 praeteriti
1150 387 1221 438 sent
1276 411 1277 456 t

169 462 362 542 estemporis.
395 458 559 521 Seeundum
573 466 687 536 tempus
702 457 835 519 subtilius
851 456 976 536 quidam,
993 475 1220 538 quam'ueeesse

214 554 288 621 eret,
304 545 473 618 diviserunt,
488 551 520 604 ut
531 550 611 603 esset
625 541 713 602 iuneti
729 541 965 604 Sonuaeuditoa
974 551 1040 611 sats
1057 543 1220 605 edisseren-

204 631 251 690 tis
267 626 544 691 Glemorwdlettu
558 634 612 690 est.
645 624 828 704 insequentis
843 633 909 685 sunt
924 625 976 686 ille
987 624 1220 706 mulslim

212 713 338 793 summi,-
353 709 480 772 issem
495 716 525 771 et
538 715 672 771 mores
684 717 909 790 appamemtl.
938 708 1045 771 lisdem
1056 720 1221 788 temporum

212 794 351 876 gradihus
368 792 508 856 deiensor
522 801 619 854 utetur
633 791 670 853 ed
684 792 890 854 detrahendam
909 793 953 868 ei,
976 793 1057 871 qnod
1071 793 1219 872 obiioitur,

173 879 310 949 ttddem.
338 876 381 938 -ln
403 875 448 937 lnis
470 877 564 936 omnis
585 876 729 938 laetorum
751 877 953 955 dictor-unque
973 877 1049 938 ratio
1070 888 1221 956 vereatur,

215 961 268 1023 sed
283 959 448 1040 dupliciter.
486 957 558 1020 Num
580 960 650 1021 dunt
669 959 825 1040 quasdem
847 961 914 1039 quia
929 959 1007 1022 uliud
1021 969 1128 1040 postes
1143 962 1221 1022 futu·

213 1047 276 1106 rum
294 1052 354 1114 est;
380 1043 536 1123 quaedam,
558 1045 624 1122 quia
640 1043 716 1105 aliud
732 1052 798 1104 ante
812 1044 920 1105 ieetuur
932 1052 993 1105 est:
1010 1052 1057 1121 nt,
1079 1063 1146 1104 oum
1168 1045 1220 1106 olo

213 1129 310 1190 iioitur
337 1144 390 1188 reo
421 1127 574 1204 lenoniuii,
603 1126 682 1207 quod
707 1129 872 1207 speeiosam
897 1126 1031 1188 adulterii
1057 1129 1222 1190 dementem

215 1213 356 1294 maruan
377 1211 495 1280 emerim
517 1218 565 1272 eut
581 1210 728 1290 parrioidii
742 1227 795 1272 reo
816 1211 986 1287 iniurioso,
1008 1213 1089 1290 qued
1107 1213 1222 1273 *dixerit

215 1299 306 1377 patri,
328 1294 397 1358 Noe
416 1296 551 1374 emplius
572 1313 621 1356 me
634 1296 821 1374 odlttrpudie.
865 1293 938 1355 llam
954 1303 985 1354 et
997 1295 1135 1373 ille,·non
1153 1299 1221 1376 quia

214 1383 300 1456 emit,
322 1380 390 1440 leno
408 1386 470 1454 est,
492 1377 561 1453 sed,
583 1379 649 1455 quia
665 1377 732 1439 leno
750 1387 830 1455 erat,
848 1377 929 1448 ernit;
943 1397 1001 1440 neo
1016 1378 1076 1456 hie,
1092 1381 1161 1458 quia
1176 1383 1221 1439 sie

214 1471 278 1524 erat
292 1463 418 1538 loeutus,
432 1459 549 1537 oeeidit,
566 1460 629 1536 sed,
642 1463 709 1540 quis
725 1471 789 1522 erat
802 1464 964 1537 oeeisurus,
977 1463 1022 1526 sio
1033 1463 1149 1524 loeutus
1162 1471 1219 1524 est.

169 1561 207 1616 ,43
214 1545 306 1608 Casus
319 1555 424 1624 suteru,
442 1545 490 1624 qui
507 1546 615 1624 etipse
632 1554 763 1625 praestat
777 1547 953 1624 argumentis
969 1547 1077 1623 losum,
1089 1548 1155 1606 sine
1169 1547 1220 1609 du·

214 1631 264 1693 hio
276 1640 321 1692 est
334 1648 371 1691 ex
383 1628 613 1708 insequentibus,
629 1629 683 1691 sed
697 1629 818 1709 quadarn
830 1631 1011 1710 proprietate
1022 1631 1218 1708 distinguitur,

213 1724 245 1776 ut
260 1716 285 1776 si
302 1715 411 1776 dioem:
434 1711 543 1776 Melior
553 1714 620 1775 due
630 1712 737 1792 septo
751 1729 844 1792 quam
854 1712 1029 1784 Heettidm
1044 1716 1120 1777 nisit
1136 1713 1221 1777 Hon-

213 1799 355 1862 tribulem.
394 1797 499 1861 ΒΜ
518 1797 727 1877 yedoenetom
744 1813 901 1876 nusquam
919 1797 995 1878 feeit
1008 1798 1221 1878 neufrapium.

213 1882 320 1946 Bonos
336 1883 496 1963 apsioolm
511 1899 638 1960 mopsos
651 1882 772 1944 motem
782 1882 915 1960 metes.
946 1880 985 1941 lit
999 1891 1115 1944 eontra:
1130 1879 1220 1943 Sum

211 1978 340 2048 ptuoeue
351 1968 432 2046 litim
444 1967 664 2045 patrimonium
678 1967 828 2029 eeloudt.
859 1963 1002 2044 Turpiter
1011 1966 1108 2038 niele·
1122 1968 1221 2028 omni-

172 2053 272 2124 nodes
284 2053 403 2112 invises
417 2059 471 2112 est.
502 2049 660 2110 intuendae
677 2058 744 2110 suut
760 2049 979 2128 praecipueque
995 2051 1025 2109 in
1041 2050 1221 2110 oonieoturis

215 2143 245 2193 et
264 2132 488 2202 facultatem
506 2132 673 2194 credibilius
690 2142 736 2193 est
752 2133 827 2192 enirn
838 2133 956 2193 ooeisos
969 2132 1129 2212 eplurilrus
1148 2151 1220 2212 peu·

215 2218 324 2292 diores,
345 2233 362 2278 a
379 2215 553 2276 drmioribus
569 2215 788 2293 imheoiliiores,
805 2215 1020 2294 evigilantibus
1030 2217 1221 2294 dormientes,

215 2319 231 2361 a
253 2300 436 2380 praeparetis
458 2300 649 2380 inopinantes.
691 2299 821 2375 Quorum
850 2302 995 2363 oontrerie
1020 2301 1051 2361 iu
1073 2299 1223 2362 diversum

173 2384 322 2457 sovalent.
358 2383 439 2445 liaeo
463 2395 493 2446 et
512 2387 542 2446 in
564 2384 753 2447 deliberando
768 2387 926 2461 intuemur,
949 2393 979 2445 et
998 2385 1028 2445 iu
1048 2385 1163 2446 iudioiis
1186 2385 1222 2446 ad

214 2467 285 2528 duas
306 2486 355 2530 res
380 2469 509 2534 solemus
531 2467 662 2545 referre,
682 2469 981 2547 dunelmiensis,
1004 2487 1048 2532 ast
1064 2473 1222 2549 potuerim·

213 2568 279 2614 nam
300 2562 331 2614 et
350 2551 531 2616 voluntatens
551 2569 621 2633 spes
649 2554 728 2615 insit.
767 2551 840 2613 ilino
866 2552 917 2614 iila
943 2553 1019 2632 epud
1045 2551 1223 2615 Ciceronem

213 2639 394 2715 eonieeture,
409 2635 577 2700 Iss‘tdtoms
591 2645 636 2699 est
652 2633 779 2700 clodius
792 2634 914 2713 idiloni,
929 2655 990 2699 nors
1003 2634 1077 2700 dls'lo
1094 2635 1222 2707 Clodior

212 2723 263 2783 ille
278 2739 349 2785 cem
364 2723 465 2785 seteis
478 2722 612 2784 mdeste
625 2721 676 2782 ltie
691 2739 760 2782 oum
774 2721 936 2784 mulierum
950 2722 1105 2795 oomltete,
1122 2722 1177 2784 ille
1190 2724 1222 2783 iss

213 2819 290 2881 equo
314 2805 366 2867 lde
389 2806 423 2868 iss
448 2805 566 2882 slede,
590 2803 642 2868 ille
666 2805 828 2885 mpeditus
852 2805 902 2868 ln'e
930 2805 1046 2884 pesula
1070 2805 1220 2868 irretitam.

172 2883 357 2954 eraoultati
391 2897 487 2949 autem
514 2888 584 2949 lieet
610 2890 893 2950 instrumentum
925 2889 1119 2966 coniungerm
1154 2897 1222 2948 sunt

215 2969 291 3028 enim
312 2971 341 3029 in
361 2980 446 3049 perte
465 2971 612 3033 iaoultstis
634 2982 664 3034 et
680 2973 794 3053 eopiee.
835 2973 894 3034 Sed
910 2991 948 3032 ex
962 2973 1152 3032 instrumento
1169 2971 1221 3032 ali·

215 3052 331 3132 quaudo
350 3055 435 3116 etiem
450 3056 535 3134 signa
549 3066 716 3133 naseuntur,
732 3064 764 3116 ut
780 3056 923 3135 splenium
938 3057 1104 3135 incorpore
1119 3057 1221 3118 inven-

171 3145 283 3206 sntum.
315 3137 366 3198 His
381 3139 515 3200 adiicitur
529 3141 668 3217 modus,
693 3156 778 3219 quem
792 3133 902 3221 τρόπον
916 3139 1031 3216 dieunt,
1054 3156 1113 3219 quo
1130 3157 1221 3218 quee-

215 3221 305 3296 ritur,
323 3223 564 3301 quemadmodum
580 3223 648 3303 quid
661 3225 699 3285 sit
713 3223 831 3285 fastum.
863 3223 955 3304 quue
972 3232 1031 3284 tum
1046 3222 1221 3302 adquaiita·

214 3312 274 3364 tem
289 3307 486 3388 seriptnmque
498 3309 642 3388 pertinet,
658 3316 689 3368 ut
709 3309 734 3368 si
750 3325 901 3388 negemus,
917 3309 1093 3372 adulterum
1103 3324 1223 3370 oeneoo

214 3387 340 3452 tteutm
352 3394 498 3456 occidere
513 3393 570 3454 sed
584 3391 671 3472 [erro
684 3395 874 3473 oportuisse-
895 3400 953 3452 tum
977 3391 1014 3453 ad
1035 3391 1222 3454 oonieeturse
1271 3403 1272 3412 ¹
