2592 3940
217 195 280 262 240
535 208 897 269 u.nnn.un1rrr1nrenr

1282 287 1283 328 l

216 365 324 428 iactum
340 372 462 424 venuste
477 364 584 424 nostris
602 360 887 442 temporibus'elusit
902 362 1003 424 Vibius
1023 361 1158 445 Crispus,
1173 369 1221 430 uir

216 449 323 528 iugenii
339 448 454 510 iucundi
469 455 499 507 et
514 445 674 524 elegantis:
690 443 850 526 Epcoerc,
866 448 967 524 iuquit,
982 449 1042 510 ista
1052 467 1114 512 non
1126 451 1220 522 dione
1282 449 1283 516 l

171 534 291 613 sequid
305 534 385 596 enim
401 533 508 594 attinet
518 531 574 592 illu
591 531 639 591 dis
653 531 740 594 dici?
771 528 980 609 Nonnunquam
998 541 1093 594 tamen
1107 532 1221 614 aliquid
1282 549 1283 598 1

215 614 545 678 similecontradictioni
561 614 631 691 poni
650 621 760 692 potest,
777 616 802 674 si
815 615 883 692 quid
896 613 932 674 ab
945 615 1113 678 adversario
1126 626 1219 678 testa-

215 699 340 765 tionibus
363 696 604 778 comprebensum
625 697 654 756 in
675 697 916 772 advocationibus
936 700 1073 760 iactatum
1094 702 1147 768 sit:
1170 719 1219 760 re-

214 783 419 865 spondebimus
436 782 510 842 enim
525 782 569 841 rei
584 779 620 840 ab
639 779 697 840 illis
713 780 826 858 dictae,
852 798 910 842 non
933 782 1049 848 anobis
1065 785 1205 862 excogita

214 879 277 937 tae;
305 875 368 942 aut,
393 867 418 926 si
439 864 468 925 id
490 881 583 942 genus
605 866 661 924 erit
678 880 802 940 causae,
829 873 860 924 ut
882 882 1050 945 proponere
1071 869 1218 945 possimus

215 961 312 1027 certa,
335 958 416 1010 extra
438 965 514 1027 quae
535 949 592 1008 dici
607 947 677 1008 nibil
695 949 804 1026 possit:
831 958 877 1026 ut,
908 967 973 1009 cum
993 968 1042 1013 res
1061 950 1169 1012 lartius
1190 953 1219 1012 iu

214 1037 298 1097 domo
316 1031 500 1112 deprebensa
515 1033 563 1108 sit,
580 1031 657 1092 dicat
667 1047 793 1092 necesse
806 1041 851 1092 est
862 1050 942 1109 rsus,
959 1043 1007 1094 aut
1018 1051 1052 1094 se
1064 1035 1219 1112 ignorante

213 1118 321 1180 illatam
338 1125 386 1178 aut
401 1117 563 1194 depositam
579 1115 655 1193 apud
671 1133 704 1174 se
717 1124 765 1176 aut
774 1115 909 1176 donatam
924 1116 979 1176 sibi
985 1138 993 1186 ;
1011 1116 1115 1196 quibus
1127 1121 1218 1179 omni-

169 1202 277 1279 sotus,
294 1201 406 1262 etiamsi
430 1201 583 1279 proposita
605 1215 663 1260 non
678 1207 760 1276 sunt,
786 1199 959 1278 responderi
980 1209 1089 1279 potest.
1126 1201 1166 1262 At
1190 1203 1219 1262 in

213 1285 322 1348 subolis
340 1293 422 1346 recte
438 1283 618 1362 plenioribus
635 1291 665 1343 et
681 1282 958 1344 contradictionibus
970 1300 1170 1362 occurremus,
1186 1294 1221 1346 ut

212 1372 241 1430 in
255 1379 407 1446 utrumque
421 1365 527 1443 locum,
544 1366 634 1427 idest
650 1367 771 1444 primum
787 1375 816 1427 et
833 1367 1009 1444 secundum,
1028 1368 1112 1430 simul
1127 1369 1217 1448 pluri·

212 1469 287 1514 mum
310 1467 510 1534 exerceamur.
549 1449 635 1523 Quod
656 1451 710 1509 nisi
731 1449 907 1526 fecerimus,
939 1469 1083 1530 nunquam
1103 1460 1219 1514 utemur

213 1535 457 1602 contradictione:
475 1550 533 1596 nou
549 1537 624 1594 enim
640 1535 710 1608 erit,
729 1535 775 1593 cui
793 1533 1031 1612 respondeamus.

169 1634 203 1689 nr
296 1617 350 1680 list
365 1627 394 1678 et
409 1617 481 1679 illud
496 1619 595 1679 vitium
610 1633 743 1694 magnum
759 1617 887 1678 sollicite
903 1627 934 1678 et
951 1619 1030 1680 circa
1046 1619 1140 1680 omnia
1154 1636 1217 1680 mo·

213 1711 308 1764 menta
324 1702 474 1770 luctantis:
492 1709 659 1781 suspectam
674 1701 749 1761 enlm
763 1700 833 1762 lacit
848 1701 936 1762 iudici
952 1718 1087 1778 cansam,
1112 1710 1142 1762 et
1156 1702 1217 1764 ire·
1282 1755 1283 1782 ι

214 1795 346 1865 quanter,
369 1802 444 1865 quae
462 1787 558 1846 statim
573 1786 650 1847 dicta
667 1801 780 1844 omnem
796 1782 1002 1846 dubitationem
1017 1785 1217 1862 sustulissent,
1282 1787 1283 1877 l

213 1871 299 1932 dilata
314 1871 386 1949 ipsis
405 1867 674 1948 praeparationibus
691 1867 776 1928 fidem
792 1869 930 1947 perdunt,
948 1870 1014 1949 quia
1031 1877 1170 1949 patronus
1189 1881 1218 1931 et
1282 1889 1283 1952 p

213 1955 276 2014 aliis
295 1953 451 2016 crediderit
466 1970 541 2032 opus
556 1953 657 2014 luisse.
692 1949 839 2013 Fiduciam
859 1953 946 2030 igitur
968 1962 1067 2014 orator
1089 1970 1160 2032 prae
1183 1974 1218 2015 se
1282 1979 1283 2024 t

212 2038 288 2098 ierat
302 2054 477 2116 semperque
493 2038 533 2096 ita
549 2037 643 2112 dicut,
661 2045 797 2115 tanquam
811 2036 848 2096 de
865 2053 952 2097 causa
968 2039 1077 2116 optime
1093 2038 1216 2108 sentiat;

170 2120 291 2199 sqquod
315 2122 391 2180 sicut
413 2120 507 2179 omnia
528 2120 556 2180 in
585 2118 728 2180 Cicerone
749 2121 938 2198 praecipuum
969 2129 1023 2180 est.
1068 2118 1141 2181 Nam
1164 2121 1217 2182 illa

213 2219 321 2264 summa
337 2221 406 2264 cura
422 2204 587 2262 securitatis
604 2212 650 2262 est
665 2202 783 2278 similis,
806 2211 943 2282 tantaque
964 2206 994 2264 in
1016 2205 1149 2265 oratione
1166 2223 1216 2264 au-

213 2287 350 2362 ctoritas,
373 2294 403 2346 ut
423 2284 602 2364 probationis
626 2286 722 2348 locum
745 2286 873 2348 obtineat
894 2287 1025 2348 dubitare
1051 2287 1136 2348 nobis
1158 2305 1217 2350 non

213 2368 393 2432 audentibus.
426 2367 529 2446 Porro,
546 2363 594 2448 qui
612 2372 727 2445 scierit,
752 2371 821 2450 quid
838 2388 906 2450 pars
922 2372 1063 2448 adversa,
1081 2372 1150 2451 quid
1163 2390 1217 2432 no·

212 2463 272 2516 stra
287 2453 393 2514 babeat
408 2452 648 2530 valentissimum,
673 2454 762 2517 laolle
785 2453 938 2532 iudicabit,
964 2454 1068 2534 quibus
1091 2458 1216 2518 manime

212 2537 300 2600 rebus
316 2537 364 2598 uel
380 2538 592 2598 occurrendum
607 2541 644 2600 sit
661 2539 709 2600 uel
726 2538 896 2599 instandum.

169 2639 203 2696 53
298 2621 396 2684 0rdo
415 2621 531 2700 quidem
548 2623 576 2680 in
593 2631 677 2700 parte
692 2621 772 2682 nulla
787 2624 878 2682 minus
891 2623 977 2684 aliert
987 2622 1107 2683 laboris.
1141 2621 1217 2683 Nam

212 2708 237 2764 si
254 2707 382 2783 agimus,
404 2715 504 2767 nostra
520 2703 713 2768 confirmanda
729 2715 795 2766 sunt
812 2708 949 2785 primurn,
974 2715 1049 2783 turn,
1071 2722 1147 2784 quae
1164 2723 1215 2767 nc-

212 2790 280 2848 stris
298 2798 485 2867 opponuntur
499 2789 665 2860 refutanda
689 2792 713 2850 si
730 2791 958 2868 respondemus,
980 2792 1059 2869 prius
1075 2790 1215 2868 incipien-

169 2871 279 2944 54dum
294 2880 340 2932 est
355 2889 372 2931 a
386 2873 573 2934 refutatione.
611 2873 777 2935 Nascuntur
797 2883 893 2940 autem
911 2891 949 2936 ex
965 2873 1028 2950 bis,
1052 2891 1128 2953 quae
1145 2891 1214 2936 con·
1282 2921 1283 2924 ε

212 2954 376 3016 tradictioni
389 2958 588 3034 opposuimus,
605 2957 681 3018 aliae
694 2958 949 3034 contradictiones,
962 2966 1089 3037 euntque
1102 2957 1216 3018 interim

211 3037 342 3117 longius3
370 3047 401 3099 ut
430 3038 623 3116 gladiatorum
652 3059 769 3116 manus,
797 3041 1039 3119 quae'secundae
1062 3050 1214 3118 vocantur,
1282 3037 1283 3044 '

212 3121 281 3183 liunt
296 3129 326 3182 et
340 3123 461 3199 tertiae,
485 3125 509 3184 si
532 3127 587 3184 ista
608 3127 699 3202 prima
722 3124 758 3185 ad
773 3125 934 3186 vocandum
949 3125 1110 3195 adversarii
1128 3127 1216 3186 ictum

211 3205 326 3285 prolata
343 3215 420 3283 arat,
439 3216 468 3267 et
483 3216 620 3286 quartae,
637 3210 662 3266 si
677 3209 822 3285 geminata
838 3211 964 3288 captatio
981 3219 1042 3285 ast,
1059 3217 1090 3268 ut
1103 3208 1150 3270 bis
1168 3227 1214 3270 ca·

170 3305 294 3364 essere,
311 3288 355 3349 bis
371 3300 509 3370 repetere
525 3293 697 3368 oportuerit.
725 3291 806 3368 Quae
818 3296 890 3353 ratio
905 3303 935 3353 et
947 3292 1023 3353 ultra
1038 3292 1127 3353 ducit.
1155 3291 1215 3354 Sed

212 3371 291 3432 illam
305 3374 403 3449 etiam,
422 3391 506 3451 quam
520 3391 609 3452 supra
624 3377 754 3452 ostendi,
770 3377 932 3454 simplicem
948 3395 986 3437 ex
1001 3376 1154 3438 affectibus
1173 3385 1214 3437 at·

213 3471 270 3535 que
287 3472 325 3518 ex
341 3456 530 3518 adfirmatione
547 3456 610 3519 sola
621 3459 822 3538 probationem
838 3462 944 3540 recipit
956 3460 1104 3538 refutatio,
1119 3459 1213 3541 qualis
1282 3461 1283 3474 ¹
