2608 3948
214 227 255 292 84
533 242 570 290 u.
587 241 665 288 sne.
682 238 904 299 anntumnr

213 397 333 473 labore,
350 395 467 457 assiduo
484 395 597 471 studio,
617 395 698 454 varia
713 394 935 471 exercitatione,
958 393 1087 474 plurimis
1104 394 1220 472 experi-

212 481 334 557 mentis,
356 481 496 542 altissima
514 479 682 558 prudentie,
704 479 942 558 praesentissimo
963 477 1087 540 consilio
1108 487 1221 540 constet

175 575 260 632 lours
279 565 405 626 dicendi.
451 563 510 624 Sed
538 564 688 632 adiurator
713 561 757 622 lris
785 573 919 643 quoque,
946 564 971 623 si
992 571 1088 623 tamen
1112 571 1221 622 rectam

212 653 298 727 viem,
315 666 373 710 non
388 665 472 707 unam
488 647 610 708 orbitam
624 655 801 716 monstrent:
825 666 881 728 qua
896 647 1046 708 declinare
1063 649 1111 726 qui
1127 647 1220 707 credi-

214 734 289 797 derit
305 734 405 808 nelos,
428 733 553 810 patietur
577 735 702 792 necesse
726 741 771 792 est
793 731 873 793 illem
888 751 942 811 per
956 732 1040 816 tunes
1056 730 1221 811 ingredien-

213 821 283 879 tium
298 817 472 877 tarditatem.
517 815 619 895 ltaque
635 825 665 877 et
679 824 800 877 stratum
814 815 929 877 militari
942 815 1044 878 labore
1059 818 1116 878 iter
1130 831 1221 894 saepe

213 901 375 963 deserimus
392 901 565 980 compendio
582 901 674 970 ducti;
701 909 748 978 et,
769 901 794 962 si
810 909 921 962 rectum
936 900 1055 962 limitem
1071 902 1147 980 rupti
1162 909 1221 959 tor-

213 984 343 1045 rentibus
367 993 472 1064 pontes
494 985 664 1062 inciderint,
682 985 835 1046 circumire
861 1003 1016 1064 cogemur,
1034 993 1080 1062 et,
1097 987 1122 1044 si
1138 986 1222 1045 ianua

171 1080 205 1138 17
212 1069 359 1131 tenebitur
373 1070 518 1148 incendio,
536 1088 591 1150 per
605 1072 748 1148 parietem
763 1068 915 1129 exibimus.
943 1069 1016 1131 Late
1037 1070 1132 1132 lusum
1147 1085 1222 1147 opus

214 1163 260 1216 est
276 1163 306 1215 et
319 1153 473 1235 multiplex
484 1163 519 1216 et
533 1171 627 1234 prope
645 1155 752 1215 cotidie
768 1170 884 1231 norum,
904 1154 986 1214 etde
1006 1171 1065 1234 quo
1079 1171 1223 1233 nunquam

214 1239 292 1300 diota
306 1247 391 1299 erunt
405 1241 511 1304 omnia,
543 1238 626 1312 Quae
641 1240 698 1299 sint
711 1248 806 1299 tamen
817 1239 933 1315 tradita,
953 1239 1021 1318 quid
1036 1257 1074 1300 ex
1086 1238 1130 1299 lris
1147 1239 1222 1316 upti-

212 1339 303 1400 mum,
321 1332 352 1383 et
368 1325 392 1384 si
408 1341 464 1403 qua
479 1323 599 1400 mutari,
624 1322 727 1400 ndiiei,
744 1319 872 1400 detrahi,
888 1321 992 1384 melius
1009 1321 1163 1400 videbitur,
1181 1321 1222 1382 di-

214 1425 284 1467 oere
300 1408 447 1486 experiar.

424 1551 435 1577 x
518 1547 641 1600 DlVlSlO
661 1547 776 1603 Touttts
796 1549 917 1602 opums.

295 1647 365 1710 XIV
367 1693 374 1708 .
405 1647 640 1710 Rhetoricen
654 1650 684 1708 in
700 1647 829 1710 Latinum
844 1647 1055 1714 transferentes
1073 1655 1132 1707 tum
1148 1665 1224 1709 oro-

212 1736 324 1797 tort‘um
347 1741 407 1794 tum
427 1735 594 1796 oratricem
622 1733 872 1794 nominaverunt..
895 1729 977 1804 Quos
1004 1730 1141 1808 equidem
1164 1749 1225 1792 non

213 1817 408 1880 iraudaverim
423 1817 521 1878 debita
538 1816 635 1894 laude,
653 1817 732 1897 quod
747 1818 860 1895 copiam
875 1814 997 1875 Romani
1012 1815 1157 1875 sermonis
1175 1835 1224 1878 au·

212 1921 286 1982 gere
309 1903 484 1982 temptarint.
529 1901 589 1962 Sed
610 1918 669 1962 non
691 1903 784 1962 omnia
807 1917 861 1960 nos
885 1899 1026 1959 ducentes
1047 1916 1085 1958 ex
1107 1897 1223 1960 Graeco

214 1995 374 2067 sequuntur
389 1987 516 2046 sicutne
533 1985 602 2046 illos
619 1987 752 2066 quidem,
781 1984 915 2065 quotiens
932 1985 991 2043 suis
1007 1984 1108 2062 utique
1123 1985 1225 2044 verbis

183 2072 330 2148 usigmare
353 2075 453 2129 ndstra
474 2069 638 2131 voluerunt.
683 2069 721 2130 llt
740 2069 815 2130 haec
836 2068 1036 2147 interpretatio
1058 2085 1116 2127 non
1131 2070 1225 2129 minus

213 2155 284 2215 dura
301 2163 346 2213 est
362 2171 446 2233 quam
461 2152 511 2214 illa
526 2155 618 2216 Plauti
638 2156 772 2216 essentia
795 2161 884 2233 etque
901 2153 1001 2226 entia,
1021 2151 1075 2212 sed
1098 2169 1135 2214 ne
1154 2171 1225 2232 pro-

212 2239 276 2319 pria
292 2237 421 2317 quidem;
438 2255 502 2297 nam
522 2241 661 2300 oratorie
681 2238 725 2298 sio
747 2237 868 2298 ellertur
887 2244 918 2296 ut
937 2237 1126 2316 eloeutcrt'u,
1148 2256 1224 2299 oro-

212 2324 277 2385 tre'n
292 2328 324 2382 ut
346 2323 517 2392 etcertum,-
538 2323 588 2383 illa
603 2329 716 2398 autem,
742 2321 780 2382 de
804 2339 860 2400 qne
883 2316 1043 2402 loquimur,
1070 2323 1224 2384 rhetorice

161 2407 163 2412 '
212 2407 279 2468 tulis
296 2415 341 2467 est
357 2405 451 2485 qualis
467 2408 655 2486 eloquentia,
677 2425 734 2467 nec
755 2405 841 2466 dubie
862 2407 939 2487 apud
955 2405 1085 2468 Graecos
1104 2423 1224 2486 quoque

184 2491 359 2571 itdnplicem
376 2490 556 2552 intellectum
570 2489 667 2551 habet.
714 2489 846 2570 Namque
866 2508 923 2552 nno
947 2491 1034 2551 modo
1058 2491 1089 2554 tit
1104 2493 1224 2570 apposi-

211 2585 272 2636 tum
298 2594 354 2638 ore
381 2577 538 2640 rtetortoo
560 2584 590 2635 ut
611 2576 702 2637 nocie
725 2577 882 2656 piratico,
913 2577 1008 2637 altero
1034 2592 1141 2636 nomen
1167 2577 1224 2651 rei,

213 2660 307 2740 qualis
323 2668 369 2721 est
380 2659 592 2741 philosophia,
615 2662 762 2724 amicitia.
807 2660 869 2723 Nos
891 2662 983 2740 ipsam
997 2677 1073 2720 nuno
1087 2659 1224 2720 volumus

213 2744 380 2823 significare
396 2744 600 2820 substantiam,
623 2753 655 2805 ut
675 2748 863 2824 grammatice
881 2747 1056 2808 litteratura
1080 2751 1142 2821 est,
1164 2761 1226 2804 non

212 2829 380 2892 litteratrix
394 2830 633 2909 quemadmodum
646 2833 784 2907 orutrt‘m,
806 2843 862 2889 nec
884 2829 1069 2893 litteratorio
1084 2829 1224 2909 wemed-

184 2915 329 2976 tmodum
347 2916 507 2984 eratenim·
531 2931 632 2974 verum
653 2914 680 2972 in
703 2912 852 2974 rhetorice
878 2930 936 2974 non
957 2914 997 2974 lit.
1042 2912 1087 2975 Ne
1110 2931 1224 2992 pugne·

212 3017 275 3059 mos
291 3000 388 3077 igitur,
406 3015 471 3059 cum
486 2998 659 3076 praesertim
676 2997 806 3075 plurimis
822 2997 931 3077 alioqui
948 2998 1069 3060 Graccis
1084 2999 1122 3058 sit
1139 3006 1224 3058 uten-

213 3083 289 3143 dum.
334 3081 408 3142 llam
429 3090 512 3141 oerte
536 3089 566 3141 et
588 3081 784 3160 pdilosopdoe
803 3091 832 3142 et
853 3084 987 3146 musicos
1003 3091 1032 3144 et
1047 3090 1226 3163 peometrus

127 3191 130 3195 ·
194 3167 324 3243 dicam,
351 3183 407 3225 neo
421 3166 479 3226 vim
495 3165 613 3227 efferam
629 3165 790 3226 nominibus
814 3165 860 3226 his
884 3167 1024 3229 indecora
1047 3168 1076 3228 in
1091 3167 1227 3228 Latinum

213 3261 378 3311 sermonem
394 3251 561 3311 mutatione.
608 3250 762 3330 Denique,
785 3269 849 3312 oum
863 3249 901 3312 ll.
919 3251 1031 3313 'l’ullios
1047 3254 1133 3313 etiam
1149 3253 1225 3330 ipsis

213 3333 370 3412 librorum,
395 3335 540 3415 questrat
561 3335 597 3396 de
613 3354 646 3396 re
660 3336 782 3417 primum
798 3337 984 3416 scripserat,
997 3335 1088 3396 titulis
1105 3336 1225 3398 Graeco

193 3465 199 3482 t
215 3419 329 3479 nomine
345 3427 455 3481 utatur:
472 3421 608 3500 prolecto
623 3439 681 3484 non
699 3429 744 3482 est
759 3420 927 3497 verendum,
944 3438 981 3482 ne
993 3430 1105 3482 temere
1120 3421 1225 3482 viden·

215 3517 277 3561 mur
293 3506 402 3566 oratori
416 3506 538 3567 maximo
555 3506 591 3567 de
602 3509 718 3568 nomine
733 3507 802 3567 artis
821 3523 892 3567 suae
910 3505 1082 3568 credidisse.
