2592 3940
186 191 248 254 262
502 203 859 264 uenenariorum

145 371 180 426 ιι
186 358 297 438 epilogi
312 357 418 420 dietum
434 367 488 419 est.
526 356 565 419 llt
578 367 683 418 metum
698 366 793 418 tamen
805 356 950 436 duplicem
965 356 1088 434 intelligi
1103 357 1189 434 volo,

187 459 272 523 quem
287 444 409 522 patimur
425 451 454 502 et
475 459 561 520 quem
582 441 716 516 lauimus,
742 449 771 500 et
783 440 932 510 invidiam
957 455 1078 518 numque
1094 439 1191 500 altera

186 526 313 588 invidum
336 526 429 587 altera
451 525 622 586 insidiosum
642 524 720 584 iacit.
756 523 819 585 llos
840 533 936 586 autem
950 524 1090 600 hominis,
1115 523 1191 584 illud
1227 539 1229 544 ·

187 611 231 672 rei
247 619 307 678 est;
329 611 358 670 iu
379 627 436 710 quo
458 617 487 669 et
506 607 572 687 plus
588 607 675 669 hahet
694 607 792 686 operis
812 608 916 669 oratio
943 605 1025 668 Nam
1047 605 1191 685 quaedam

186 695 320 755 videntur
342 695 442 770 gravia
461 709 516 772 per
544 708 595 768 ee,
622 690 819 770 parricidium,
852 692 973 768 caedes,
999 689 1188 758 veneficium

145 777 329 856 aequaeuam
350 774 503 838 ellioienda
522 783 596 834 aunt.
633 772 665 835 ld
685 782 780 834 antem
800 775 955 874 contingit,
986 791 1051 834 eum
1075 774 1189 852 magnis

188 861 296 941 alioqui
311 859 392 920 mulie
409 860 525 936 gravius
540 875 607 918 esse
621 857 668 933 id,
689 857 766 954 quod
779 859 859 936 passi
874 875 990 935 snmus,
1006 857 1187 926 ostenditur;

188 944 274 1024 quale
290 951 336 1003 eet
351 941 426 1020 apud
440 941 609 1018 Virgilium:

339 1039 359 1090 0
378 1039 442 1090 ielix
457 1053 509 1089 une
527 1045 585 1089 ente
603 1039 666 1090 elias
683 1037 810 1089 Priameia
827 1038 909 1104 virgo,

339 1109 463 1159 Hostilem
478 1109 511 1158 ad
528 1107 652 1158 tumulum
671 1107 761 1156 Troiae
776 1106 823 1156 sub
839 1106 972 1158 moenibus
989 1106 1047 1158 altis

338 1179 411 1228 lusaa
428 1177 493 1227 mori
512 1201 548 1214 -

188 1259 289 1338 (quem
306 1260 394 1319 miser
409 1260 483 1318 enim
498 1275 583 1319 ossus
599 1256 836 1332 Andromachae,
852 1258 877 1317 si
893 1265 1058 1337 comparata
1074 1257 1100 1316 ei
1115 1255 1191 1316 ielix

144 1341 372 1422 tdl’olyxena);
397 1351 444 1402 eut
466 1359 530 1402 eum
550 1343 589 1400 ita
610 1359 820 1419 exaggeramus
838 1342 971 1420 iniuriam
992 1349 1136 1417 nostram,
1158 1349 1190 1399 ut

189 1428 289 1503 etiam,
317 1442 391 1504 quae
410 1424 500 1484 multo
521 1425 631 1484 minora
659 1433 740 1501 sunt,
768 1423 947 1485 intoleranda
975 1425 1122 1487 dieamus:
1153 1421 1190 1484 Si

185 1510 359 1589 pakusses,
374 1507 500 1587 defendi
515 1516 730 1588 ausoniorum
747 1509 924 1570 vulnerasti.
955 1507 1014 1568 Sed
1036 1507 1110 1569 haeo
1125 1505 1189 1567 dili-

187 1593 320 1670 geutiue,
342 1609 405 1652 oum
425 1591 461 1651 ad
484 1609 547 1652 eam
569 1591 819 1670 amplificationem
841 1591 1022 1665 venerimus,
1046 1592 1187 1651 dicemus.

187 1675 304 1736 interim
319 1684 438 1737 nomene
453 1683 605 1735 contentus
620 1693 697 1751 sum,
720 1694 777 1735 non
790 1675 819 1736 id
837 1675 930 1735 solnm
948 1691 1037 1752 agere
1053 1674 1188 1749 allectus,

188 1767 228 1835 nt,
242 1775 317 1838 quae
332 1767 415 1836 sunt,
433 1758 621 1818 ostenduntur
635 1757 741 1820 acerba
757 1758 956 1833 eoluctuosa,
975 1757 1028 1818 sed
1046 1758 1131 1817 etiam
1146 1765 1188 1832 ut,

189 1860 263 1922 quae
284 1840 435 1903 toleranda
454 1841 555 1902 lraberi
576 1842 690 1918 solent,
713 1844 813 1920 gravia
835 1842 1000 1902 videantur:
1025 1850 1056 1900 ut
1076 1857 1141 1900 oum
1161 1840 1189 1898 in

187 1924 341 1986 maledieto
358 1925 423 2004 plus
438 1927 557 1987 iniuriae
580 1944 662 2005 quam
682 1928 711 1986 iu
731 1943 832 2001 manu,
856 1926 884 1985 iu
904 1924 1019 1986 infamia
1034 1923 1100 2003 plus
1115 1938 1189 2001 poe·

148 2014 243 2076 mnae
258 2009 377 2070 didimus
396 2026 479 2087 quam
496 2010 524 2068 iu
539 2020 641 2070 morte
674 2008 803 2088 Namque
821 2010 849 2068 in
863 2007 921 2069 hoe
940 2006 1126 2087 eloquentiae
1143 2008 1187 2067 vis

190 2101 245 2168 eet,
264 2101 295 2151 ut
311 2093 434 2152 iudioem
450 2110 507 2152 non
522 2093 593 2154 inid
609 2102 715 2153 tantum
730 2092 904 2171 compellat,
928 2093 957 2150 in
973 2091 1074 2169 quod
1065 2108 1129 2170 ipsa
1145 2093 1189 2150 rei

188 2183 289 2235 natura
303 2174 437 2242 duoetur;
457 2176 509 2235 sed
526 2185 583 2252 aut,
602 2179 651 2255 qui
670 2185 794 2253 nonest,
811 2184 858 2236 aut
872 2176 1009 2235 maiorem
1032 2192 1115 2254 quam
1131 2182 1188 2250 est,

189 2256 277 2319 faeiat
292 2257 435 2318 affectum.
466 2257 545 2318 Haeo
561 2268 606 2318 est
621 2259 687 2336 illa,
709 2277 782 2338 quae
800 2258 930 2331 δείνωσις
944 2267 1089 2344 vocatur
1100 2254 1189 2318 rebus

188 2341 329 2420 indignis,
352 2343 482 2420 asperis,
507 2343 656 2404 invidiosis
674 2342 782 2404 addens
799 2344 855 2402 vim
873 2343 981 2412 oratio;
1005 2359 1062 2421 qua
1074 2303 1189 2402 uirtute

189 2434 306 2504 praeter
322 2424 392 2486 alies
408 2426 559 2506 plurimum
575 2426 787 2489 Demosthenes
802 2427 899 2487 valuit.

146 2538 180 2591 oe
274 2521 385 2596 anodsi
401 2524 504 2586 tradita
519 2525 586 2585 milri
602 2527 686 2604 sequi
703 2533 861 2604 praecepta
882 2524 1048 2585 suilieeret:
1073 2522 1189 2584 sutisie·
1279 2597 1280 2604 ἵ

190 2624 286 2667 oerum
307 2607 374 2670 huie
396 2611 486 2687 perti,
508 2609 578 2669 nihil
601 2627 714 2685 eorum,
736 2627 810 2687 quae
834 2607 895 2686 legi
915 2607 965 2669 vel
987 2606 1091 2682 didioi,
1111 2605 1188 2684 quod
1279 2641 1280 2674 2

187 2691 273 2751 modo
295 2689 447 2768 probabile
468 2692 537 2768 luit,
567 2691 737 2761 omittendo;
762 2693 815 2754 sed
837 2709 941 2752 eruere
964 2691 1107 2751 inanimo
1131 2697 1187 2764 est,

189 2790 264 2851 quae
285 2773 391 2851 latent,
416 2784 445 2834 et
468 2777 582 2854 penitus
604 2777 668 2856 ipsa
689 2776 772 2837 huius
795 2775 853 2836 looi
878 2775 994 2855 aperire
1015 2771 1185 2853 penetralia,

189 2874 263 2934 quae
286 2857 399 2936 quidem
422 2875 480 2918 nou
500 2858 597 2937 aliquo
619 2860 750 2920 trudente
771 2860 824 2921 sed
846 2859 1045 2938 experimento
1066 2872 1132 2916 meo
1153 2872 1187 2915 ao

146 2943 311 3013 aqualura'
303 2959 366 3040 rpsa
381 2940 454 3001 duee
471 2944 583 3022 uooepi.
617 2943 730 3004 Summa
746 2945 830 3019 enim,
847 2952 982 3021 quantum
998 2958 1055 3019 ago
1071 2938 1187 3018 quidem
1279 2979 1280 3016 3

188 3025 299 3102 sentio,
324 3025 402 3084 airon
423 3025 582 3107 movendos
604 3026 751 3088 effeetus
742 3045 770 3086 m
784 3026 842 3086 hoo
856 3028 953 3105 posita
969 3033 1029 3100 est,
1051 3031 1087 3084 ut
1107 3039 1185 3083 ruo·
1279 3051 1280 3060 ι

187 3125 334 3168 reamur
353 3110 434 3186 ipsi.
472 3107 543 3169 Nam
564 3119 593 3170 et
613 3109 707 3170 luntres
730 3119 759 3168 et
772 3110 833 3169 irae
857 3119 887 3169 et
909 3107 1113 3186 indignationis
1134 3105 1280 3170 ali-1

188 3192 302 3269 quando
332 3193 417 3252 etiam
438 3191 558 3253 ridicula
581 3193 667 3254 fuerit
693 3194 827 3269 imitatio,
854 3195 879 3253 si
904 3191 995 3254 rerba
1019 3190 1186 3268 vultumque
1279 3199 1280 3202 ’

187 3283 295 3335 tuntum
310 3290 367 3334 uon
386 3277 471 3337 etiam
485 3279 607 3337 animum
619 3276 904 3339 aooommodarimus.
932 3274 1007 3350 onio
1021 3276 1096 3334 enim
1106 3272 1185 3334 aliud
1279 3311 1280 3320 ι

188 3367 233 3417 est
251 3375 375 3435 causae,
397 3369 428 3419 ut
442 3359 576 3437 lugentes
593 3361 691 3438 utique
706 3361 735 3420 in
748 3363 860 3422 reeenti
876 3360 979 3422 dolore
994 3357 1185 3419 disertissime
1279 3355 1280 3416 ι

187 3441 326 3517 quaedam
349 3443 514 3504 erelamare
534 3442 698 3522 uideantur,
726 3452 755 3504 et
776 3446 818 3505 ira
840 3460 1041 3524 nonuunquam
1059 3439 1185 3502 induatis
