2608 3948
378 235 827 306 nrsu.0nuuon.u1u.11,m.
1047 231 1104 294 101

99 395 240 479 operibns
254 395 334 457 volo.
373 395 446 456 llam
467 396 535 475 quid
550 404 650 455 oratur
668 396 697 454 in
714 393 857 455 laudando
878 395 967 458 iaciet
981 400 1036 458 nisi
1053 399 1106 461 ho·

98 491 248 544 uentorum
267 490 296 541 et
317 481 441 560 turpium
461 475 597 558 peritus?
619 488 668 539 aut
685 480 714 538 in
736 479 884 540 suadendo
905 482 960 542 nisi
983 482 1107 545 utilitate

97 561 277 647 perspecta?
306 566 402 624 autin
423 563 554 640 iudiciis,
578 564 604 622 ai
624 563 750 624 iustitiae
772 563 810 622 eit
830 562 970 641 ignarus?
1007 565 1106 642 Quid?

96 667 156 712 uon
171 647 369 710 tortitudinem
387 647 517 726 postulat
532 664 582 707 rea
604 648 722 723 eadem,
746 664 811 707 oum
825 665 915 728 saepe
932 659 1032 710 contra
1048 661 1106 712 tur·
1183 707 1196 724 ,

95 734 232 796 buleutas
247 731 350 812 populi
370 733 476 807 minas,
500 748 591 810 saepe
614 749 678 791 cum
694 731 863 810 periculosa
884 735 1044 812 potentium
1063 736 1105 796 oi-

94 819 197 894 iensa,
220 833 439 894 nonnunquam,
461 825 492 875 ut
510 815 616 876 iudicio
636 814 810 892 Miloniano,
833 817 910 877 inter
932 819 1107 881 circumfusa

94 902 218 964 militum
233 918 310 961 arma
327 900 478 961 dicendum
493 900 544 978 ait3
563 909 610 976 ut,
626 901 651 960 ai
665 901 757 960 virtue
772 917 829 960 uon
844 910 904 978 est,
921 920 958 962 ne
972 903 1105 980 perfecta

96 988 214 1067 quidem
229 1003 297 1045 ense
313 987 407 1064 poenit
422 985 526 1045 oratio.
566 982 678 1058 Quodsi
700 1001 735 1044 ea
755 985 783 1044 in
803 1002 921 1066 quoque
942 988 1131 1049 animaliumtt

95 1080 143 1133 eat
156 1071 265 1146 uulua,
289 1085 346 1148 que
359 1078 491 1150 praestat
509 1078 608 1130 cetera
622 1067 672 1128 vel
686 1070 846 1147 pleraque,
862 1073 936 1130 utin
952 1071 1040 1131 leone
1055 1073 1105 1132 im-

96 1164 199 1235 petun,
221 1155 251 1214 in
266 1170 343 1232 equo
363 1154 522 1222 velocitae;
541 1153 686 1213 hominem
701 1169 790 1232 porro
806 1156 920 1214 ratione
937 1163 1025 1233 atque
1041 1172 1105 1216 ora·

96 1240 175 1300 tione
193 1237 345 1299 excellere
361 1239 468 1299 ceteris
481 1246 593 1298 certum
608 1246 668 1297 eat:
687 1255 738 1296 cur
752 1254 810 1297 non
824 1245 881 1298 tam
897 1238 1107 1317 ineloquentia

97 1341 183 1403 quam
204 1324 361 1383 iuratione
376 1324 511 1382 virtutem
527 1323 590 1382 eiua
611 1339 680 1381 esse
697 1321 864 1392 credamua;
887 1332 1029 1400 recteque
1049 1323 1107 1383 hoc

95 1407 173 1486 apud
192 1404 367 1467 Ciceronem
388 1407 494 1467 dixerit
512 1403 653 1466 Quassus:
675 1403 732 1468 ldet
750 1407 830 1467 enim
848 1408 1021 1486 eloquentia
1041 1425 1106 1468 unc

96 1490 252 1570 quaedam
266 1490 306 1552 de
317 1491 443 1552 remmia
455 1491 639 1566 virtutibus,
657 1491 766 1568 etipse
785 1489 891 1551 Cicero
908 1509 960 1551 sua
976 1507 1104 1570 persona
1114 1502 1147 1554 10

97 1592 162 1636 cum
178 1574 214 1635 ad
226 1572 344 1635 Brutum
357 1575 386 1634 in
399 1573 532 1653 epistolis
547 1582 605 1633 tum
620 1573 684 1634 aliis
702 1575 787 1634 etiam
801 1575 876 1636 locis
890 1577 1025 1635 virtutem
1043 1593 1105 1635 eam

69 1655 251 1738 appellet?
296 1657 335 1718 At
358 1659 539 1738 prooemium
565 1656 719 1736 aliquando
746 1676 781 1718 ac
807 1661 1001 1720 narrationem
1027 1660 1106 1720 dicet

95 1743 187 1806 malus
202 1742 289 1803 homo
306 1752 336 1803 et
349 1750 528 1818 argumenta,
545 1743 589 1802 aic
603 1751 634 1802 ut
648 1741 718 1803 nihil
733 1744 770 1802 ait
785 1744 814 1802 in
829 1743 874 1803 luia
889 1744 1103 1823 requirendum.

97 1825 168 1886 llam
189 1836 218 1887 et
238 1827 313 1887 latro
336 1826 477 1906 pugnabit
498 1827 622 1902 acriter,
644 1827 736 1886 virtus
758 1835 853 1887 tanuen
873 1830 928 1887 erit
948 1826 1104 1895 iortitudo;

97 1919 127 1971 et
141 1919 284 1971 tormenta
301 1913 363 1971 aine
379 1912 488 1989 gemitu
503 1909 580 1969 feret
595 1909 687 1990 malus
703 1927 822 1987 servus,
839 1910 994 1971 tolerantia
1010 1920 1105 1972 tamen

96 1994 208 2056 doloris
224 1993 310 2055 laude
325 2013 377 2054 sua
395 2011 453 2054 nou
467 1992 588 2053 carebit.
624 1991 714 2052 llulta
735 1992 804 2052 liunt
819 1994 920 2055 eadem
938 1995 992 2056 sed
1007 1995 1103 2056 aliter.

96 2078 247 2140 Suiiiciant
261 2079 350 2156 igitur
365 2077 457 2154 haec,
483 2078 549 2156 quia
565 2076 602 2136 de
618 2076 742 2136 utilitate
761 2095 849 2156 supra
865 2081 1060 2140 tractavimus.

416 2229 504 2290 QUAE
522 2229 675 2282 MATERIA
692 2230 781 2283 ElUS.

180 2325 258 2388 XXI.
285 2325 435 2389 Materiam
449 2329 613 2389 rhetorices
629 2329 743 2408 quidam
759 2331 893 2390 dixerunt
908 2346 977 2390 ease
991 2333 1105 2393 oratio·

94 2431 182 2484 atem,
198 2428 254 2489 qua
267 2413 297 2470 in
311 2413 454 2472 sententia
468 2414 585 2490 ponitur
599 2413 676 2492 apud
689 2412 839 2473 Platonem
857 2411 992 2493 Gorgiae.
1022 2413 1105 2488 Quae

95 2498 121 2557 ai
136 2497 177 2554 ita
194 2494 354 2573 accipitur,
378 2505 408 2555 ut
425 2512 521 2556 sermo
538 2514 710 2575 quacunque
726 2497 762 2558 de
778 2516 811 2557 re
830 2500 1010 2576 compositus
1027 2497 1105 2558 dica-

95 2590 142 2641 tur
168 2579 279 2654 oratio,
302 2595 361 2637 non
380 2581 500 2640 materia
527 2581 580 2641 aed
602 2597 677 2659 opus
690 2587 764 2658 eat,
787 2589 819 2640 ut
839 2581 968 2640 statuarii
993 2589 1103 2650 etatua3

95 2681 159 2726 nant
173 2670 204 2723 et
218 2663 312 2724 oratio
328 2660 453 2722 efficitur
468 2673 530 2724 arte
546 2665 622 2724 sicut
636 2672 739 2724 statua.
770 2664 821 2723 Sin
835 2663 890 2723 hac
905 2663 1104 2743 appellatione

96 2747 186 2809 verba
206 2747 271 2826 ipsa
291 2746 448 2826 significari
469 2757 619 2826 putamus,
644 2746 714 2807 nihil
734 2747 809 2807 haec
834 2749 898 2806 sine
918 2765 1016 2808 rerum
1037 2747 1104 2808 aub-

96 2833 199 2894 atantia
219 2831 337 2892 iaciunt.
373 2828 495 2904 Quidam
518 2839 700 2912 arpumenta
718 2831 961 2911 persuasibilia·
982 2850 1057 2912 quae
1076 2841 1129 2903 eta

96 2919 159 2996 ipsa
174 2917 204 2976 in
218 2923 302 2996 perte
318 2923 385 2976 aunt
400 2918 499 2995 operia
515 2926 545 2977 et
560 2924 623 2977 arte
640 2915 710 2975 liunt
726 2925 756 2976 et
768 2917 889 2977 materia
905 2925 1004 2996 egent.
1034 2915 1103 2990 Qui·

96 3001 160 3068 dam
181 3001 286 3062 ctetica
306 3001 517 3080 quaestinem,-
543 3017 666 3080 quorum
692 3001 790 3080 opinio
812 3017 869 3061 nou
889 3001 1029 3081 qualitate
1051 3000 1104 3060 sed

96 3083 182 3145 modo
198 3086 316 3161 erravit,
334 3093 380 3144 est
395 3084 469 3144 enim
484 3086 558 3147 haec
572 3085 692 3146 materia
705 3085 869 3147 rhetorices
884 3086 938 3146 aed
953 3101 1012 3144 non
1026 3081 1102 3143 nola.

98 3166 229 3244 Quidam,
247 3168 313 3247 quia
328 3169 419 3228 virtue
435 3170 473 3229 sit
486 3170 646 3246 rhetorice,
660 3171 808 3231 materiam
824 3171 887 3230 eiua
903 3175 996 3231 tetum
1010 3167 1129 3236 eitum

97 3260 212 3314 vocant.
250 3250 327 3328 Alii,
353 3253 419 3331 quie
446 3269 505 3314 non
533 3255 657 3315 omniurn
677 3255 814 3315 uirtutum
840 3253 960 3313 materia
982 3252 1020 3311 sit
1041 3257 1103 3310 tote

96 3338 153 3398 vita
169 3337 222 3398 aed
236 3337 398 3417 pleraeque
413 3353 512 3398 earum
525 3347 679 3400 versentur
693 3335 878 3418 inpartibus,
895 3335 971 3395 sicut
984 3335 1102 3411 institia,

97 3421 252 3497 tortitudo,
276 3421 452 3481 coutinentia
475 3422 601 3501 propriis
622 3421 727 3482 ciliciis
743 3430 773 3482 et
790 3437 844 3480 auo
865 3418 922 3479 line
937 3418 1103 3496 intelligun-

10 3515 17 3530 ·
98 3513 159 3568 tur:
188 3505 357 3567 rhetoricen
381 3521 499 3584 quoqne
520 3505 617 3567 dieunt
636 3507 665 3565 ln
684 3522 739 3565 una
765 3505 861 3582 aliqua
883 3510 968 3584 parte
992 3520 1102 3584 ponen-
