2608 3948
392 221 482 271 rnen.
495 217 645 268 onsuon.
658 217 727 265 nte.
739 216 795 282 111,
808 213 834 267 u.
1057 203 1116 264 109

113 379 171 442 huc
185 380 326 460 quaedem
338 393 433 455 vagae
454 382 484 435 et
504 375 567 435 eine
588 371 707 433 urbihu'e
729 387 764 432 ao
785 373 847 432 sine
869 371 984 449 legibus
999 371 1115 450 gentes,

114 472 253 525 ettamen
269 463 399 542 quisunt
415 461 445 520 in
459 460 505 521 his
519 458 578 518 nati
594 455 835 533 etlegationiltus
853 455 1008 534 fungantur
1023 466 1052 516 et
1067 474 1115 518 ac·

113 555 215 609 curent
237 546 334 625 aliqua
356 553 444 624 atque
466 541 622 604 deiendnnt
638 549 669 601 et
690 540 918 618 deniquealium
940 537 998 601 alio¹
1012 540 1116 601 melius

8 707 9 718 χ
112 630 192 710 loqui
211 630 359 720 credant.¹

476 766 578 826 Quart
597 765 755 820 PARTES.

196 862 247 924 111.
286 862 384 924 Omnis
407 871 503 924 autem
524 861 624 924 orandi
645 864 736 939 ratio,
756 869 788 924 ut
809 861 924 941 plurimi
943 863 1117 945 maximique

112 957 248 1011 auctores
261 946 449 1024 tradiderunt,
464 949 590 1028 quinque
603 946 733 1026 partibus
747 953 871 1023 constat,
888 947 1115 1022 inventione,

113 1032 387 1112 dispositione,
417 1031 656 1107 elocutione,
688 1032 872 1106 memoria,
900 1031 1116 1108 pronuntia·

113 1118 214 1178 tione
237 1117 300 1176 sire
323 1117 490 1192 actione,
513 1126 640 1194 utroque
664 1116 740 1174 enim
761 1114 848 1175 modo
869 1113 981 1174 dieitur.
1018 1113 1116 1174 Omnis

110 1217 182 1261 vero
198 1216 313 1276 sermo,
335 1217 392 1279 quo
411 1200 527 1280 quidem
544 1201 681 1260 voluntas
697 1197 794 1276 eliqua
812 1199 989 1274 enuntiatur,
1011 1197 1117 1258 habeat

112 1301 236 1345 necesse
253 1293 299 1345 est
314 1302 375 1345 reru
396 1294 426 1344 st
445 1283 547 1346 verba.
581 1282 635 1344 llic
655 1285 681 1344 si
698 1292 744 1344 est
758 1282 857 1344 brevis
879 1289 978 1342 etune
998 1281 1142 1342 conclu-n
1177 1346 1186 1362 ,

111 1371 195 1430 sione
210 1365 324 1446 linitus,
340 1368 410 1429 nihil
428 1369 555 1430 fortasse
572 1368 648 1430 ultra
663 1365 825 1434 desideret:
845 1354 875 1427 at
891 1366 984 1426 oratio
1000 1365 1117 1443 longior

111 1451 195 1532 plura
216 1451 318 1529 exigit.
363 1451 430 1512 Non
451 1461 558 1512 tanturn
580 1453 655 1514 enirn
676 1451 784 1528 refert,
805 1450 873 1530 quid
897 1459 927 1510 et
949 1465 1007 1527 quo
1028 1448 1116 1511 modo

111 1536 241 1597 dicamus
261 1535 315 1596 sed
336 1537 422 1597 etiarn
444 1553 501 1614 quo
525 1537 610 1606 loco;
643 1552 717 1615 opus
740 1553 814 1614 ergo
840 1543 887 1596 est
913 1535 1115 1612 dispositione.

112 1618 171 1681 Sed
199 1636 295 1698 neque
323 1622 432 1698 omnia,
461 1638 536 1700 quae
562 1638 610 1680 res
638 1619 784 1698 postulat,
813 1621 912 1682 dicere
937 1635 1034 1698 neque
1062 1635 1115 1679 eno

112 1721 247 1783 quaeque.
273 1702 341 1764 loco
365 1707 542 1784 poterimus,
565 1707 618 1764 nisi
639 1703 792 1765 adiuvante
812 1705 965 1771 memoria;
989 1719 1115 1781 quapro-

113 1796 177 1868 pter
193 1806 228 1849 ea
244 1805 361 1867 quoque
381 1806 449 1868 pars
472 1797 572 1867 quarta
596 1791 661 1848 erit.
698 1787 808 1848 Verum
829 1787 903 1848 haec
926 1797 1029 1848 cuncta
1050 1791 1138 1848 cor-3

26 1875 28 1878 ’
112 1873 217 1950 rumpit
239 1888 274 1934 ac
291 1873 501 1951 propemodum
523 1872 618 1952 perdit
637 1871 777 1932 indecora
798 1871 848 1932 vel
867 1887 945 1930 uoce
958 1871 1008 1930 vel
1029 1879 1115 1948 gestu

112 1955 318 2100 pronuntilatio.
356 1955 430 2016 lluio
446 1971 564 2036 quoque
584 1957 672 2034 igitur
693 1953 862 2017 tribuendus
884 1964 930 2015 est
947 1955 1117 2015 necessario

112 2041 227 2118 quintus
256 2055 337 2100 ocus.

196 2121 260 2184 Nec
281 2123 416 2186 audiendi
440 2124 569 2204 quidam,
597 2140 720 2204 quorum
742 2132 788 2184 est
813 2122 963 2200 Albutius,
989 2123 1037 2201 qrri
1063 2123 1140 2183 trist

110 2207 197 2268 ruodo
220 2209 327 2288 primas
350 2227 418 2270 esse
440 2219 538 2289 partes
563 2208 683 2288 volunt,
711 2208 846 2288 quoniam
865 2208 1003 2269 memorio
1028 2215 1116 2286 atque

111 2293 188 2352 actio
212 2299 313 2353 natura
338 2310 397 2353 non
423 2302 486 2354 arte
507 2297 690 2371 contingant,
719 2293 854 2372 (quarum
877 2309 931 2352 nos
955 2300 1114 2371 praecepta

112 2393 166 2436 suo
190 2375 258 2436 loeo
291 2374 436 2456 dabimus)
468 2376 539 2438 licet
565 2376 797 2453 Thrasymachus
826 2393 943 2455 quoque
973 2375 1049 2436 idem
1079 2375 1116 2434 de

112 2459 229 2520 actione
251 2457 416 2519 crediderit.
453 2459 504 2520 llis
525 2462 694 2523 adiecerunt
721 2461 834 2539 quidam
856 2467 969 2520 sextam
990 2465 1140 2536 partem,t

111 2544 151 2604 ite
166 2549 197 2602 ut
212 2542 370 2602 inventioni
389 2541 562 2604 iudicium
576 2543 800 2622 subnecterent,
817 2544 884 2624 qula
899 2543 1020 2620 primum
1034 2549 1117 2602 esset

60 2643 64 2651 ·
110 2627 241 2688 inuenire
262 2624 368 2688 deinde
391 2625 529 2688 indicare.
572 2626 639 2704 Ego
659 2645 749 2706 porro
770 2645 808 2688 ne
829 2626 975 2686 invenisse
1001 2624 1116 2704 quidem

111 2712 202 2773 oredo
219 2727 301 2785 euru,
327 2711 450 2788 quinon
471 2710 621 2780 iudioavit;
642 2713 831 2789 nequeenim
853 2711 1012 2788 contraria,
1037 2726 1114 2772 eorn-

110 2797 220 2870 munia,
247 2792 336 2855 stulta
358 2795 512 2857 incendere
532 2795 636 2856 dieitur
655 2795 806 2874 quisquam
828 2795 881 2856 sed
904 2814 965 2858 ooo
988 2796 1114 2859 dicere.

110 2877 150 2940 to
165 2876 272 2940 Cicero
293 2877 411 2958 quidem
427 2879 456 2939 in
471 2877 637 2940 Rhetoricis
653 2877 788 2942 indicium
802 2879 926 2942 subiecit
939 2881 1139 2951 inveutloui36

109 2963 177 3027 mihi
204 2973 301 3024 antem
326 2962 401 3026 adeo
429 2961 520 3025 trihus
543 2963 642 3043 primis
668 2963 797 3042 partibus
822 2965 936 3027 ridetur
957 2983 1026 3027 esse
1047 2983 1114 3045 per·

108 3049 247 3124 mistum,
270 3047 351 3126 (narn
366 3064 462 3126 neque
482 3047 636 3126 dispositio
653 3049 715 3109 sine
737 3066 773 3110 eo
788 3067 884 3130 neque
905 3049 1033 3112 elocutio
1049 3049 1113 3108 iue-

109 3131 164 3211 rit)
187 3139 219 3192 ut
240 3132 502 3210 pronuntiationem
517 3149 636 3212 quoque
657 3132 706 3194 vel
722 3133 873 3212 plurimum
888 3152 926 3194 ex
941 3150 978 3193 eo
992 3133 1115 3192 mutuari

109 3223 220 3294 putem.
258 3213 343 3289 Quod
361 3214 419 3276 hoe
442 3215 579 3286 audacius
602 3216 741 3294 dixerim,
764 3218 843 3296 quod
864 3219 893 3278 in
911 3215 1138 3279 Partitionibusi

110 3301 249 3362 oratoriis
271 3298 308 3360 ad
330 3299 465 3376 easdem,
487 3300 524 3360 de
545 3299 649 3380 quihus
665 3319 752 3380 snpra
775 3301 881 3363 di‘ctnm
903 3309 965 3376 est,
986 3303 1114 3380 qunque

109 3386 246 3462 pervenit
266 3390 377 3462 partes.
410 3383 563 3445 Nemeum
584 3384 738 3464 dupliciter
757 3387 879 3465 primum
899 3384 1061 3462 divisisset,
1084 3385 1116 3444 iri

111 3469 307 3530 inventionem
325 3476 412 3548 atque
427 3468 639 3530 elocutionem:
662 3487 711 3531 res
728 3487 765 3530 ae
779 3467 998 3551 dispositionem
1013 3469 1113 3532 inven-
