2608 3948
381 245 472 295 uuor.
496 246 645 294 onnron.
667 246 737 294 cru.
755 247 808 314 111,
830 241 857 297 t.
1068 233 1127 296 133

120 411 167 462 tur
187 401 217 462 in
237 410 426 480 tempora,
457 401 595 481 quodque
621 409 687 462 ante
708 417 762 461 eos
788 401 843 461 luit
865 417 982 479 quoque
1007 402 1064 480 ipsi
1086 403 1128 462 vi-

120 493 240 554 xeruut;
263 485 292 544 in
309 485 355 544 his
374 493 488 561 autem,
516 486 565 564 qui
581 485 643 545 fato
662 493 728 544 sunt
748 483 855 560 iuncti,
878 486 964 545 etiarn
982 485 1060 564 quod
1082 494 1130 546 est

120 571 293 630 insecutum.
336 566 413 628 Ante
436 568 581 629 hominem
603 569 726 647 patria
749 586 784 629 ao
807 577 985 648 parentes
1015 571 1128 629 maio·

119 670 260 732 resque
282 659 376 727 erunt,
400 667 523 731 quorum
541 651 651 731 duplex
672 659 811 712 tractatus
830 661 890 712 est:
915 661 963 713 aut
985 653 1060 714 enlm
1082 671 1127 713 re·

121 737 279 818 spondisse
305 735 449 796 nobilitati
474 735 627 814 pulchrum
648 736 704 795 erit
736 744 785 796 aut
811 735 946 798 humilius
972 754 1066 815 genus
1094 736 1127 796 il·

119 822 264 882 lustrasse
279 818 377 880 iactis.
410 817 466 880 llla
478 835 597 898 quoque
614 819 728 879 iuterim
741 837 779 878 ex
796 835 844 896 eo,
865 819 942 899 quod
955 829 1022 881 ante
1032 821 1127 899 ipsum
1136 831 1164 886 ll

121 904 187 980 luit,
206 912 339 982 tempore
356 902 515 980 trahentur,
535 921 610 982 quae
627 904 779 982 responsis
795 903 845 964 vel
859 905 987 982 auguriis
1005 905 1130 965 futuram

104 987 284 1049 claritatem
301 989 512 1066 promiserunt,
531 996 564 1047 ut
580 1005 656 1064 eum,
675 988 725 1066 qui
742 1005 779 1047 ex
796 986 921 1049 Thetide
937 998 1021 1049 natus
1037 997 1128 1065 esset,

94 1072 260 1131 ,maiorem
292 1079 376 1151 patre
411 1087 466 1132 suo
494 1071 620 1132 futurum
638 1071 802 1132 cecinisse
831 1070 966 1132 dicuutur
997 1071 1127 1134 oracula.

119 1155 215 1235 Ipsius
234 1172 307 1216 vero
328 1154 391 1216 lans
413 1155 537 1216 hominis
558 1173 596 1216 ex
614 1155 708 1216 animo
726 1163 756 1214 et
773 1170 901 1232 corpore
927 1163 958 1214 et
978 1165 1061 1216 extra
1076 1171 1128 1234 po·
1137 1165 1171 1220 12

75 1297 77 1304 ,
120 1239 182 1299 sitis
201 1240 262 1319 peti
280 1239 378 1300 debet.
412 1237 452 1300 lit
472 1240 645 1318 corporis
667 1237 782 1317 quidem
804 1237 1046 1317 fortuitorumque
1065 1256 1129 1298 cum

121 1323 217 1384 levior
238 1333 298 1384 tum
322 1340 381 1383 non
403 1339 461 1382 uno
482 1323 570 1384 modo
593 1323 742 1384 tractanda
764 1330 819 1382 est.
853 1321 926 1382 Nam
949 1330 979 1382 et
1001 1320 1128 1401 pulchri·

119 1406 247 1467 tudinem
274 1408 387 1468 interim
414 1405 561 1485 roburque
586 1408 792 1486 prosequimur
817 1406 930 1467 honore
960 1405 1128 1482 verborum,

120 1499 151 1550 ut
169 1489 313 1550 Homerus
330 1491 360 1549 in
378 1488 596 1568 Agamemnone
614 1500 702 1570 atque
720 1490 847 1551 Achille.
881 1489 999 1552 Interim
1013 1490 1129 1552 confert

120 1573 301 1635 admirationi
326 1573 445 1634 multum
471 1575 558 1634 etiam
582 1575 746 1651 infirmitas,
775 1584 807 1635 ut
832 1593 896 1636 oum
923 1575 1000 1636 idem
1028 1574 1129 1652 'l'ydea

118 1675 239 1738 parvum
261 1658 314 1719 sed
339 1656 515 1719 bellatorem
536 1658 606 1719 dicit
627 1659 728 1720 inisse.
761 1656 890 1719 Fortuna
909 1675 982 1720 vero
1005 1668 1064 1718 tum
1087 1658 1128 1718 di·
1137 1668 1172 1721 13

119 1742 259 1820 quitatem
277 1741 377 1817 alien,
404 1749 436 1802 ut
453 1743 483 1803 in
498 1741 618 1821 regibus
638 1741 893 1822 principibusque,
918 1743 1065 1822 (namque
1083 1750 1129 1801 est

119 1826 195 1887 haec
215 1826 336 1886 materia
358 1825 558 1888 ostendendae
579 1828 694 1887 virtutis
715 1825 850 1905 ulterior)
874 1836 934 1887 tum
956 1843 1015 1905 quo
1037 1826 1128 1886 mino·

119 1925 169 1969 res
195 1924 270 1989 opes
292 1909 418 1985 inerunt,
438 1910 577 1971 maiorem
591 1908 668 1970 bene
694 1909 779 1970 iactis
798 1910 922 1989 gloriam
945 1911 1030 1989 parit.
1069 1909 1128 1970 Sed

121 1993 227 2069 omnia,
249 2010 325 2076 qupe
347 2001 430 2053 extra
451 2009 505 2054 uos
528 1993 605 2055 bona
629 2003 695 2054 sunt
712 2009 848 2073 quaeque
868 1993 1031 2054 homiuibus
1050 1993 1128 2054 iorte

120 2076 299 2155 obtigerunt,
325 2093 383 2137 nou
401 2077 470 2139 ideo
487 2075 649 2155 laudantur,
675 2078 752 2158 quod
768 2077 903 2139 habuerit
919 2079 984 2158 quis
1004 2095 1051 2154 ea,
1074 2076 1127 2138 sed

120 2161 198 2240 quod
215 2160 260 2221 his
282 2161 406 2222 honeste
425 2162 464 2221 sit
479 2180 560 2223 usus.
597 2161 671 2224 Nam
684 2163 801 2223 divitiae
821 2171 850 2223 et
866 2164 998 2242 potentia
1015 2170 1045 2222 et
1061 2169 1170 2240 gra-lt

119 2246 169 2320 tin,
193 2261 258 2306 oum
279 2245 432 2324 plurimum
453 2247 556 2308 virium
573 2248 643 2308 deut
659 2247 689 2307 in
704 2255 856 2327 utramque
874 2255 1004 2327 partem,
1025 2247 1127 2306 certis-

120 2329 220 2388 simum
239 2327 347 2388 iaciunt
363 2345 474 2390 morum
490 2332 728 2411 experimentum,
748 2340 796 2392 aut
812 2332 888 2392 enim
904 2331 1043 2392 meliores
1059 2345 1127 2408 pro-

120 2421 187 2491 pter
209 2411 284 2472 haec
307 2420 356 2472 aut
374 2413 493 2491 peiores
515 2431 623 2474 sumus.
675 2414 789 2475 Animi
817 2431 935 2494 semper
956 2431 1028 2474 uera
1050 2412 1168 2489 laus,15

120 2494 174 2554 sed
195 2509 253 2554 non
274 2512 331 2555 una
352 2512 408 2574 per
427 2495 485 2556 hoc
507 2513 581 2576 opus
602 2498 650 2558 via
671 2497 795 2558 ducitur.
829 2496 960 2576 Namque
982 2496 1055 2556 alias
1078 2513 1126 2556 ae-

120 2580 186 2639 tatis
210 2577 317 2657 gradus
345 2589 551 2660 gestarumque
582 2597 681 2642 rerum
702 2581 833 2641 ordinem
856 2582 940 2659 sequi
961 2580 1127 2659 speciosius

120 2663 189 2740 luit,
211 2671 243 2722 nt
261 2663 290 2722 in
308 2663 409 2742 primis
427 2665 508 2724 annis
526 2664 693 2725 laudaretur
710 2663 842 2740 indoles,
865 2672 925 2724 tum
943 2662 1126 2742 disciplinae,

120 2755 192 2892 tlt
209 2745 542 2912 litltiz'blttt
562 2747 1126 2909 ittithttilffttttttltftz:

120 2915 232 2992 stitiae,
261 2917 457 2977 continentiae
484 2923 722 2995 ceterarumque,
751 2932 788 2976 ac
814 2916 937 2996 singulis
963 2917 1126 2995 assignare,

120 3016 196 3077 quae
221 3000 379 3061 secundum
399 3018 543 3080 quamque
567 3018 666 3062 earum
687 3007 773 3080 gesta
795 3010 887 3062 erunt.
930 2999 1002 3062 lltre
1018 3003 1056 3061 sit
1078 3008 1169 3062 au-ld
1296 3065 1297 3090 ,

119 3091 178 3142 tem
194 3081 296 3145 hamum
309 3085 357 3145 via
373 3084 484 3162 utilior,
501 3102 565 3146 oum
580 3086 700 3147 materia
715 3084 952 3161 deliberabimus,
970 3084 1037 3144 dum
1051 3084 1125 3144 scia·

120 3181 183 3225 mus
203 3169 332 3244 gratiora
354 3185 422 3228 esse
440 3167 637 3246 audientibus,
661 3187 737 3248 quae
759 3169 841 3231 solus
863 3171 927 3248 quis
946 3176 995 3228 aut
1016 3167 1125 3244 primus

121 3257 169 3313 aut
192 3259 273 3311 certe
295 3267 360 3312 cum
380 3253 481 3331 paucis
498 3252 607 3313 iecisse
624 3253 746 3328 dicetur,
769 3256 794 3313 si
815 3253 884 3332 quid
901 3259 1057 3330 praeterea
1078 3266 1124 3309 su·

120 3352 173 3414 pra
196 3352 279 3414 spem
301 3343 349 3395 aut
374 3337 618 3414 expectationem,
640 3337 799 3417 praecipue
818 3334 895 3415 quod
914 3334 1008 3394 aliena
1027 3332 1124 3412 potius

121 3435 208 3480 causa
231 3435 317 3497 mam
339 3435 401 3477 sua.
442 3417 611 3499 Tempus,
635 3419 731 3500 quod
753 3418 864 3479 linem
888 3418 1048 3477 hominis
1070 3417 1164 3481 in-lt

120 3505 308 3584 sequitur,
328 3518 386 3562 nou
403 3518 521 3581 semper
539 3513 665 3566 tractare
685 3503 838 3580 contingit;
855 3517 913 3562 non
932 3502 1027 3564 solum
1046 3500 1124 3582 quod
