2592 3940
164 193 225 258 258
483 207 519 254 n.
535 206 614 254 una.
631 205 851 266 oumrruusnr

165 362 303 438 dixisset,
323 360 361 422 de
375 359 491 422 fortuna
502 376 635 440 quoque,
648 377 704 438 qua
716 368 838 439 uterque
850 359 1027 437 abundabat,
1044 359 1169 421 adiecit:

164 445 248 508 Niba‘t
263 437 349 508 cobis
363 445 464 506 mons
479 445 574 520 deest,
591 459 684 520 quom
701 443 741 504 de
756 459 815 522 quo
830 444 1021 506 contenditis.

124 542 155 594 tr
249 527 356 589 Omnes
373 535 470 589 autem
483 527 541 588 bos
559 525 697 603 allectus,
717 527 829 587 etiamsi
847 527 1171 606 quibusdam'videntur

164 616 194 675 iu
208 613 360 693 prooemio
381 620 468 690 atque
492 611 521 668 iu
538 608 658 688 epilogo
675 610 775 670 sedem
788 609 914 686 babere,
931 611 960 669 in
978 609 1083 690 quibus
1097 627 1170 670 sane

166 699 222 758 siut
236 695 480 775 frequentissimi,
498 690 684 756 tamen'aliae
700 709 816 772 quoque
834 702 933 772 partes
955 695 1100 772 recipiunt
1114 692 1170 752 sed

166 781 335 856 breuiores,
350 787 381 838 ut
404 794 468 837 curn
488 774 526 836 err
542 777 577 836 iis
595 775 716 856 plurima
734 778 772 837 sit
791 795 840 837 res
863 776 999 838 eruenda.
1045 777 1085 837 At
1109 776 1168 850 laic,

124 865 189 928 sari
207 855 344 944 usquam,
362 859 442 921 totos
462 860 648 938 eloquentiae
665 855 781 938 aperire
799 860 896 921 fontes
912 860 991 921 licet.
1035 858 1109 920 Nam
1128 867 1169 935 et,

167 949 192 1006 si
208 947 283 1006 bene
299 945 421 1005 diximus
436 943 566 1023 reliqua,
588 942 802 1022 possidebimus
826 945 881 1004 iam
904 943 1028 1005 iudicum
1044 943 1169 1018 animos,

168 1039 197 1090 et
213 1047 229 1088 e
243 1027 426 1105 confragosis
439 1036 525 1106 atque
544 1027 658 1107 asperis
674 1028 769 1108 erecti
789 1035 850 1088 tota
864 1031 993 1107 paudere
1014 1031 1170 1106 possumus

166 1113 249 1188 vela,
271 1121 311 1188 et,
335 1109 399 1173 cum
420 1112 457 1172 sit
477 1109 600 1171 'maxima
614 1127 681 1189 pars
710 1111 821 1190 epilogi
841 1111 1043 1190 amplificatio,
1069 1109 1170 1170 verbis

167 1206 254 1276 atque
279 1196 429 1256 sententiis
455 1196 496 1254 uti
518 1193 589 1254 licet
611 1193 770 1272 magnificis
799 1203 828 1254 et
853 1196 971 1256 ornatis.
1016 1193 1099 1255 'lunc
1124 1201 1171 1254 est

169 1278 407 1342 commovendum
423 1277 584 1354 theatrum,
601 1281 792 1338 cumventum
806 1279 899 1340 estad
911 1280 1004 1357 ipsum
1016 1277 1098 1354 illud,
1112 1293 1170 1356 quo

167 1373 285 1425 veteres
301 1361 470 1440 tragoediae
486 1361 714 1440 comoediaeque
729 1361 899 1440 cluduntur,
914 1361 1041 1424 Plodr‘le.

128 1449 161 1504 53
252 1447 285 1507 lu
302 1446 366 1506 aliis
379 1453 474 1506 autem
490 1443 619 1523 partibus
637 1444 802 1507 tractandus
818 1447 872 1506 erit
889 1445 1028 1523 allectus,
1044 1453 1076 1504 ut
1093 1447 1172 1524 quis·

170 1547 227 1609 que
250 1537 401 1606 nascetur,
425 1545 491 1588 uam
514 1546 610 1607 neque
635 1529 743 1608 exponi
765 1531 828 1590 siue
847 1529 905 1589 boc
926 1547 976 1589 res
997 1538 1114 1596 atroces
1143 1537 1173 1588 et

169 1612 350 1675 miserabiles
375 1611 495 1682 debeut;
524 1631 588 1673 cuns
608 1612 645 1672 ds
666 1613 804 1690 qualitate
826 1613 947 1686 alicuius
970 1614 1014 1672 rei
1036 1613 1172 1691 quaestio

128 1700 163 1755 bl
170 1707 231 1775 est,
247 1695 467 1777 probationibus
483 1696 709 1775 uniuscuiusque
726 1697 771 1756 rei
789 1705 871 1757 recte
891 1696 1080 1774 subiungitur.
1114 1693 1173 1755 Ubr
1277 1707 1278 1712 ’

169 1798 242 1842 vero
260 1781 441 1841 coniunctam
459 1779 642 1859 expluribus
659 1798 775 1841 causam
791 1780 917 1858 agimus:
941 1783 1026 1840 etiam
1045 1796 1173 1840 necesse

171 1867 226 1926 erit
243 1866 283 1925 uti
298 1863 429 1943 pluribus
447 1864 529 1943 quasi
548 1863 692 1943 epilogis,
711 1872 743 1942 ut
765 1865 793 1923 in
814 1864 937 1925 Verrem
959 1861 1064 1925 dicero
1089 1863 1172 1924 iecit.

170 1949 242 2010 Nam
272 1956 301 2008 et
324 1947 493 2008 Philodamo
523 1956 553 2006 et
571 1946 725 2008 nauarchis
747 1957 777 2008 et
799 1949 878 2008 cruci
904 1949 974 2008 civis
999 1947 1122 2008 Romani
1143 1954 1175 2005 et

129 2032 235 2093 toallis
244 2032 379 2132 plurimis
401 2049 468 2091 suas
490 2030 625 2092 lacrimas
649 2030 736 2091 dedit.
781 2032 874 2108 Sunt,
893 2033 941 2110 qui
960 2030 1015 2092 bos
1035 2021 1175 2110 μερικοῦς

172 2113 324 2193 ἐπιλογους
354 2122 479 2192 vocent„
512 2131 570 2193 quo
595 2115 728 2192 partitam
753 2116 969 2192 perorationem
999 2115 1172 2192 significant.

172 2196 240 2259 blihi
256 2214 314 2257 uon
329 2203 385 2256 tam
397 2205 496 2276 partes
511 2198 574 2257 eius
592 2214 677 2275 quarn
697 2199 814 2276 species
836 2199 978 2260 videntur.
1024 2196 1175 2276 Siquidem

173 2289 203 2340 et
219 2280 329 2359 epilogi
344 2288 374 2339 et
390 2281 583 2358 perorationis
599 2281 713 2341 nomina
724 2282 787 2360 ipsa
803 2291 905 2361 aperte
921 2283 990 2342 satis
1006 2280 1174 2358 ostendunt,

173 2364 248 2425 hanc
267 2381 334 2424 esse
353 2367 628 2426 consummationem
650 2363 798 2425 orationis.

540 2517 583 2567 ΒΕ
599 2517 807 2570 structurus

256 2613 292 2674 ΙΙ.
338 2614 475 2689 Quamvis
504 2624 598 2675 autem
623 2633 691 2694 pars
717 2617 791 2678 haec
823 2617 998 2678 iudicialium
1023 2633 1176 2677 causarum
1277 2587 1278 2648 3

173 2716 282 2768 summa
301 2701 460 2778 praecipue
486 2708 602 2760 constet
620 2699 788 2778 affectibus,
821 2710 850 2760 et
871 2700 967 2779 aliqua
990 2700 1027 2761 de
1052 2699 1098 2759 bis
1122 2717 1174 2758 ue-

174 2783 306 2841 cessario
333 2781 470 2843 dixerim:
500 2800 558 2843 nou
584 2792 679 2845 tamen
706 2786 789 2865 potui
816 2802 850 2844 ac
883 2802 920 2845 ne
946 2783 1032 2845 debui
1059 2782 1175 2861 quidem

173 2863 258 2923 istum
281 2861 377 2923 locum
398 2867 428 2924 in
454 2885 538 2926 uuam
562 2871 691 2947 speciem
720 2867 906 2929 concludere.
952 2866 1050 2941 Quare
1080 2866 1175 2926 adbuc

117 3001 120 3008 ,
175 2963 249 3026 opus
272 2956 425 3025 superest,
452 2966 517 3007 cum
543 2949 579 3010 ad
600 2951 772 3028 obtinenda,
801 2970 876 3030 quae
900 2951 1049 3027 volumus,
1071 2957 1175 3028 poten·

174 3031 328 3108 tissimum,
349 3040 407 3090 tum
424 3031 596 3110 supradictis
611 3027 701 3095 multe
719 3035 880 3113 difficilius,
895 3033 1029 3096 mouendi
1050 3031 1176 3092 indicum
1277 3045 1278 3062 ¹

175 3115 284 3174 animos
310 3123 397 3194 atque
424 3117 453 3174 iu
479 3133 559 3192 eum,
591 3135 677 3195 quem
704 3118 854 3196 volumus,
880 3117 1008 3180 habitum
1034 3113 1177 3177 tornandi

146 3199 301 3260 tetuelut
326 3199 556 3278 transfigurandi.
607 3199 670 3274 Qua
696 3202 732 3262 de
753 3219 787 3262 re
812 3220 922 3281 pauca,
951 3219 1025 3281 quae
1046 3198 1177 3280 postula-

175 3280 224 3341 bat
240 3284 374 3358 materia,
392 3284 435 3343 sic
458 3284 554 3361 attigi,
570 3292 601 3344 ut
616 3286 725 3362 magis,
745 3285 813 3364 quid
829 3295 980 3365 oporteret
995 3285 1075 3358 lieri,
1093 3299 1178 3360 quam

177 3380 234 3442 quo
247 3365 275 3425 id
296 3367 382 3427 modo
403 3367 543 3444 consequi
565 3368 945 3446 possemus,ostenderem.
990 3368 1073 3430 Nunc
1091 3364 1176 3426 altius

176 3449 267 3508 omnis
281 3450 325 3508 rei
337 3451 496 3530 repetenda
510 3451 584 3512 ratio
602 3441 656 3513 est.
