2592 3940
401 209 491 258 men.
506 193 836 276 01111011.1111.11,1ζ
1057 199 1118 262 249

115 365 257 443 omnibus,
272 365 321 444 qui
336 364 498 425 sollicitare
511 362 576 424 illes
593 372 705 426 aetates
724 364 832 441 solent,
841 365 1010 427 anteferret.
1040 367 1117 441 Que-

115 459 238 530 propter
263 448 307 510 illi
329 448 442 525 dolori,
471 466 556 527 quem
579 466 617 508 ex
639 457 730 508 matre
758 449 979 528 optimamque
1005 467 1118 512 omnem

115 534 231 597 laudem
247 549 442 612 supergressa
459 548 571 610 paucos
588 540 654 593 ente
673 550 789 592 menses
805 549 958 610 ceperam,
974 534 1116 612 gratulor,

113 616 206 680 Minus
231 619 307 678 enirn
336 625 397 693 est,
425 616 502 695 quod
534 615 659 678 llendum
683 633 749 677 meo
778 618 894 677 nomine
927 634 1012 696 quarn
1041 619 1118 698 quod

112 701 192 764 illius
213 701 396 780 gaudendum
420 710 475 760 est.
519 698 582 760 Une
603 710 672 778 post
693 701 766 762 haec
793 700 960 775 Quintiliani
982 704 1039 762 mei
1066 705 1148 781 speil

114 803 149 848 ac
163 785 314 865 voluptate
332 783 456 863 nitebar,
472 793 502 848 et
516 793 633 864 poterut
647 784 785 845 sulficere
801 785 918 846 solatio.
962 785 1028 846 Non
1046 789 1120 847 euim

112 869 272 947 llosculos,
295 874 370 930 sieut
391 870 487 949 prior,
515 868 568 930 sed
589 869 646 929 iam
668 867 809 930 decimum
837 871 940 930 aetatis
968 872 1119 948 ingressus

113 971 233 1031 annum,
250 962 349 1014 certos
367 971 402 1014 ae
422 953 601 1016 deformatos
624 952 735 1014 iructus
758 954 937 1015 ostenderat.
982 953 1049 1015 luro
1066 960 1161 1034 perlo

112 1038 188 1100 mala
202 1043 282 1116 mea,
298 1055 353 1116 per
367 1037 515 1099 inielioem
532 1038 757 1113 conscientiam,
775 1035 913 1115 perillus
927 1055 1044 1114 manes,
1068 1057 1119 1098 nu-

113 1123 190 1182 ruina
203 1123 260 1183 mei
276 1121 404 1199 doloris,
422 1121 477 1182 hes
491 1140 538 1182 me
552 1123 582 1180 in
595 1121 648 1180 illo
664 1120 774 1181 vidisse
787 1121 910 1180 virtutes
926 1123 1044 1198 ingenii,
1061 1139 1120 1182 non

111 1206 260 1268 modoad
285 1207 490 1286 percipiendae
523 1204 708 1284 disciplinas,
741 1220 798 1284 quo
824 1203 894 1264 nihil
923 1208 1119 1282 praestantius

113 1292 240 1368 cognovi
266 1290 388 1369 plurima
413 1296 569 1368 expertus,
596 1287 741 1367 studiique
767 1290 823 1349 iam
855 1295 914 1348 tum
940 1304 999 1347 non
1024 1290 1120 1350 eoacti

113 1374 225 1453 (sciunt
246 1375 474 1454 praeceptores)
497 1372 549 1434 sed
570 1372 741 1452 probitatis,
767 1373 901 1452 pietatis,
923 1372 1118 1450 humanitatis,

111 1457 310 1532 liberalitatis,
333 1465 365 1516 ut
381 1474 501 1536 prorsus
524 1467 627 1537 posset
648 1456 715 1517 hino
737 1475 805 1517 esse
822 1458 891 1517 tanti
918 1457 1043 1518 miminis
1059 1475 1123 1518 me··

112 1548 175 1617 tus,
191 1540 270 1619 qnod
284 1540 470 1602 observatum
484 1541 547 1602 iere
565 1550 623 1617 est,
647 1541 773 1602 celerius
794 1541 932 1602 occidere
955 1541 1120 1602 festinatam

111 1627 321 1701 maturitatem,
342 1634 373 1685 et
395 1643 464 1686 esse
482 1627 585 1686 nescio
608 1642 707 1704 quarn,
730 1642 806 1703 quae
821 1642 891 1704 spes
906 1633 1000 1685 tuntas
1015 1625 1118 1686 decer·

112 1718 177 1789 put,
201 1709 351 1786 invidiam,
373 1727 409 1769 ne
429 1709 568 1770 videlieet
588 1707 681 1784 ultra,
703 1725 788 1788 quem
811 1707 920 1768 homini
943 1709 1039 1770 datum
1061 1718 1117 1784 est,

111 1801 212 1854 nostra
227 1792 434 1872 provehantur.
479 1792 574 1853 Etiam
588 1791 639 1853 illa
654 1792 772 1854 iortuita
782 1791 903 1854 aderant
918 1793 1022 1869 omnia,
1036 1793 1118 1854 vocis
1128 1797 1160 1851 ll
1182 1797 1192 1806 '

112 1876 273 1937 iucunditas
286 1877 478 1955 claritasque,
496 1879 555 1936 oris
574 1877 701 1936 suavitas
724 1885 754 1937 et
771 1879 800 1937 in
812 1883 993 1955 utracunque
1007 1876 1117 1954 lingue,

111 1969 248 2040 tanquam
271 1960 307 2022 ad
328 1977 393 2021 eam
414 1961 527 2022 demum
549 1968 632 2020 natus
662 1969 757 2035 esset,
780 1977 923 2038 expressa
952 1963 1118 2039 proprietas

112 2045 237 2104 omnium
253 2045 423 2105 litterarum.
443 2089 446 2096 .
468 2044 528 2106 Sed
545 2043 620 2104 liaeo
635 2060 705 2123 spes
721 2043 828 2112 adinum
845 2042 897 2105 illa
910 2045 1032 2122 maiora,
1048 2059 1118 2104 eon-

111 2129 233 2204 stentia,
249 2129 394 2206 gravitas,
414 2137 515 2210 contra
533 2127 654 2188 dolores
671 2129 756 2188 etiam
768 2145 803 2190 ac
818 2136 911 2188 metus
923 2126 1022 2190 1011111.
1045 2126 1118 2204 Nam

112 2227 170 2292 quo
185 2211 237 2272 ille
254 2215 364 2287 animo,
390 2231 446 2293 qua
466 2213 644 2274 medicorum
670 2213 858 2274 admiratione
884 2213 1025 2274 mensium
1048 2222 1117 2274 octo

110 2295 306 2358 ualetudinem
320 2294 405 2356 tulit?
427 2305 458 2356 ut
472 2314 518 2356 me
532 2299 562 2356 in
579 2298 722 2375 supremis
746 2296 914 2357 consolatus
937 2293 1005 2356 cst?
1033 2314 1118 2376 quam

112 2381 198 2440 etiam
223 2380 363 2442 deiciens
391 2379 506 2459 lemque
531 2395 588 2439 non
612 2388 715 2439 noster
742 2380 835 2457 ipsum
862 2379 943 2446 illum
972 2378 1117 2440 alienatae

111 2465 215 2524 mentis
235 2464 367 2526 errorem
385 2464 463 2523 circe
484 2462 564 2522 solas
585 2461 697 2523 litteras
719 2458 838 2522 hebuit?
871 2461 1160 2541 1110000030,οΗ

111 2565 195 2608 meae
211 2565 281 2625 spes
303 2549 421 2622 inanes,
445 2546 578 2608 labentes
605 2545 726 2623 oculos,
750 2553 830 2606 tunm
851 2545 1010 2624 lugientem
1033 2547 1117 2624 spiri-

111 2637 171 2690 tum
185 2627 285 2690 vidil‘
305 2630 396 2691 'l'uum
420 2647 527 2710 corpus
545 2628 681 2708 frigidum
702 2623 837 2707 exangue
860 2628 1031 2708 complexus
1058 2632 1118 2690 ani·

111 2731 186 2774 mam
202 2715 338 2792 recipere
360 2731 517 2792 auremque
539 2730 719 2775 communem
738 2712 854 2773 lraurire
872 2713 995 2791 amplius
1014 2711 1117 2792 potui?

110 2797 223 2875 Dignus
242 2796 288 2858 his
306 2797 498 2874 cruciatibus,
516 2814 590 2876 quos
605 2796 682 2873 iero,
699 2797 803 2875 dignus
817 2795 862 2857 inis
879 2797 1112 2874 cogitationibus.

99 2879 193 2941 'Tene
213 2882 360 2943 consulari
381 2899 474 2962 nuper
496 2881 654 2961 adoptione
676 2880 712 2941 ad
737 2881 860 2942 omnium
881 2898 952 2960 spes
974 2881 1159 2945 honorum13

112 2966 193 3042 prius
219 2965 379 3043 admotum,
401 2975 431 3027 te
455 2965 598 3028 avunculo
622 2967 752 3044 praetori
773 2981 913 3043 generum
932 2965 1115 3041 destinatum,

111 3054 160 3122 tc,
179 3050 302 3108 omnium
318 3067 405 3128 spes,
422 3051 607 3112 acutissimae
624 3049 811 3128 eloquentiae
828 3047 1030 3110 candidatum?
1062 3049 1115 3110 Su·

5 3171 6 3198 1
114 3139 231 3210 perstes
250 3149 358 3210 parens
382 3142 492 3194 tentum
513 3133 688 3213 poenas-l
732 3133 770 3196 llt
791 3135 816 3193 si
841 3149 899 3192 non
917 3132 1021 3210 cupido
1041 3131 1115 3192 lucis

5 3213 7 3240 ¹
111 3223 194 3276 certe
208 3218 347 3294 patientia
361 3216 488 3277 vindicet
502 3226 532 3278 te
547 3219 660 3297 reliqua
679 3235 744 3279 men
766 3224 871 3278 eetete.
916 3213 989 3275 Nam
1009 3216 1116 3276 imstra

109 3297 186 3359 mala
204 3300 298 3361 omnia
322 3299 358 3360 ad
378 3301 487 3360 crimen
505 3301 639 3362 fortunae
659 3301 836 3378 relegamus.
881 3297 973 3358 Nemo
993 3301 1048 3360 niel
1063 3317 1115 3360 suu

111 3382 198 3462 eulpa
214 3382 261 3445 diu
281 3383 372 3446 dolet.
418 3383 477 3445 Sed
492 3385 631 3461 vivimus,
649 3395 679 3444 et
694 3385 791 3462 aliqua
806 3383 921 3444 vivendi
935 3384 1010 3444 ratio
1026 3400 1113 3462 qnae·
1124 3393 1157 3449 14

111 3467 201 3530 reuda
216 3477 272 3545 est,
294 3465 529 3547 credendumque
544 3467 720 3529 doctissimis
741 3467 921 3544 hominibus,
937 3469 985 3547 qui
999 3468 1115 3529 unicum
