2578 3946
167 232 208 296 dl
477 245 513 294 sn.
536 239 862 302 nuscuntunnunus

167 403 205 464 sit
224 401 319 464 facies
343 399 483 476 dicentis,
506 415 543 458 ne
566 396 648 458 lulsra
665 396 917 476 distorqueantur,
940 413 977 456 ns
1001 394 1183 458 immodicas
1275 421 1276 478 p

166 486 260 548 hiatus
283 487 387 545 rictum
412 483 570 558 discindat,
598 499 635 541 ne
657 481 776 560 supinus
798 479 913 554 vultus,
942 498 979 540 ne
1008 480 1119 540 deiecti
1147 483 1183 547 ln
1275 491 1276 554 ξ

166 579 274 631 terram
297 569 391 645 oculi,
415 567 551 628 inclinata
572 564 712 626 utrolibet
730 565 841 626 ceruix.
886 563 959 624 llam
980 565 1062 624 frons
1084 563 1183 642 pluri·

124 654 220 718 robus
242 653 401 734 generibus
424 658 540 730 peccat.
584 648 651 710 Vidi
673 648 798 726 multos,
821 664 943 728 quonum
963 647 1124 731 supercilia
1141 645 1183 709 ad

167 739 301 818 singulos
329 738 416 798 uocis
450 743 570 800 cunutus
601 733 817 809 allevarentur,
846 731 970 794 aliorum
1003 732 1180 810 constricta,

167 823 290 885 aliorum
308 815 404 881 'etiam
423 819 607 894 dissidentia,
631 835 696 878 oum
717 817 839 878 alterurn
859 817 889 876 iu
910 818 1052 876 verticem
1072 816 1181 877 tende·

125 917 247 983 nuent,
277 906 372 966 altero
397 921 493 984 paene
514 902 618 964 oculus
637 903 703 981 ipse
724 909 917 980 premeretur.
962 899 1104 966 lnlinitum
1126 917 1181 960 an-

167 1001 237 1066 tern,
256 997 287 1050 ut
304 1005 373 1049 mox
394 987 544 1064 dicemus,
557 989 587 1046 in
608 986 653 1046 luis
675 1001 793 1066 quoque
815 983 904 1046 rebus
925 993 1100 1048 momentum
1112 993 1179 1052 est;

168 1084 198 1136 ct
218 1073 289 1134 nilil
314 1081 415 1153 potest
435 1071 557 1152 plaeere
579 1070 657 1151 quod
677 1086 736 1130 non
754 1070 851 1131 dccet
1273 1143 1274 1152 ἵ

125 1171 160 1224 12
250 1157 349 1218 Debet
372 1159 458 1218 etiam
483 1154 593 1217 dooere
620 1153 797 1232 comoedus,
823 1153 970 1233 quomodo
990 1154 1179 1230 cumdum,
1273 1165 1274 1174 ¹

122 1241 126 1247 ’
169 1243 281 1322 quasit
302 1243 477 1304 anctoritate
499 1239 694 1316 suadendum,
718 1255 774 1317 pau
799 1239 994 1299 wndtmionc
1017 1245 1181 1318 consurgat

167 1331 228 1402 ira,
255 1328 304 1406 qui
325 1326 419 1386 denus
439 1325 545 1390 deceat
564 1325 788 1384 miserationem.
833 1319 920 1397 Quod
942 1325 982 1383 ita
1003 1325 1113 1403 optime
1135 1321 1179 1382 is·
1273 1397 1274 1406 ἢ

170 1413 244 1485 ciet,
270 1413 295 1468 si
318 1419 417 1469 certos
441 1427 480 1468 ex
497 1406 656 1468 comoediis
673 1407 806 1485 elegerit
817 1407 904 1470 locos
924 1415 955 1466 et
979 1407 1016 1468 ad
1037 1407 1095 1467 lroc
1116 1424 1178 1467 nna·

128 1496 245 1559 13xime
272 1495 413 1567 idoneos,
446 1493 475 1552 id
504 1500 566 1568 est,
594 1490 758 1552 actionibus
784 1490 903 1556 similes.
955 1489 1045 1552 iidem
1081 1499 1179 1550 autam

169 1594 227 1638 non
249 1575 285 1637 ad
306 1575 547 1655 pronuntiandum
565 1575 653 1635 modo
671 1576 815 1637 utilissimi
835 1593 936 1635 uerum
957 1575 994 1636 ad
1015 1574 1179 1652 sugendam

128 1671 286 1742 ltquopue
310 1661 507 1739 eloquentiam
523 1661 647 1720 manime
663 1659 875 1720 accommodati
892 1667 985 1719 crant.
1030 1657 1069 1719 Et
1090 1659 1178 1736 lraec,
1273 1693 1274 1698 κ

171 1746 236 1807 dum
258 1745 369 1806 inlinma
390 1754 472 1804 aetas
499 1745 610 1804 maiora
634 1759 692 1802 non
723 1743 834 1822 capiet3
865 1751 1010 1818 ceterum,
1041 1760 1106 1802 cnm
1135 1742 1178 1802 le·

170 1848 244 1910 gere
263 1830 411 1890 orationes
435 1828 599 1907 oportebit,
624 1845 688 1887 cum
709 1830 832 1887 virtutes
855 1844 953 1888 earnm
974 1828 1031 1886 iem
1050 1828 1178 1886 sentiet:

170 1923 229 1975 tum
250 1912 319 1974 mihi
340 1913 466 1992 diligens
490 1912 595 1992 aliquis
617 1929 652 1971 ac
676 1912 787 1990 peritus
802 1912 936 1988 assistat,
964 1907 1060 1988 nepus
1083 1909 1179 1971 solum
1272 1935 1276 1961 s¹

171 1999 328 2060 lectionem
354 1997 462 2058 formet
484 2013 586 2056 verum
614 1996 749 2055 ediscere
772 1997 858 2056 etiam
880 1994 978 2055 electa
999 2012 1037 2054 en
1058 1994 1105 2054 lris
1128 2009 1165 2054 co

171 2090 222 2158 pat
233 2091 263 2140 et
282 2098 318 2140 ea
335 2081 436 2141 dicere
448 2087 572 2140 stantem
590 2079 713 2138 claruet
727 2077 966 2161 quemadmodum
983 2096 1074 2157 agere
1089 2095 1167 2157 opor

170 2164 260 2239 tabit,
284 2172 315 2223 ut
335 2165 467 2241 protimus
489 2163 768 2242 pronuntiationem,
793 2180 914 2239 vocem,
936 2165 1105 2223 memorium
1128 2180 1178 2222 ex-

172 2254 281 2308 erceat.
1164 2289 1170 2298 .

130 2343 163 2395 ld
258 2329 304 2392 Ne
315 2330 384 2391 illos
399 2330 515 2409 quidem
530 2328 790 2410 reprehendendos
804 2341 886 2409 puto,
903 2331 951 2409 qui
962 2329 1079 2410 paulum
1093 2332 1180 2396 uttan

175 2416 361 2497 palaestricis
384 2423 572 2475 vacaverunt.
617 2414 682 2475 Nou
704 2413 741 2475 de
766 2414 811 2476 llis
833 2415 956 2495 loquor,
983 2413 1088 2494 qulbus
1109 2433 1179 2494 pars

174 2501 252 2562 vitae
273 2502 302 2560 in
325 2500 412 2577 oleo,
436 2517 505 2578 pers
526 2501 556 2560 in
576 2501 644 2559 vino
663 2501 850 2577 consumitur,
872 2502 921 2580 qui
939 2514 1095 2578 corporum
1110 2517 1180 2559 cura

172 2594 297 2646 mentem
316 2585 486 2661 obruerunt,
509 2583 564 2645 lios
578 2585 654 2643 enin
668 2582 775 2644 abesse
793 2583 830 2644 ab
848 2600 988 2664 ecquem
1005 2584 1179 2644 instituimus

130 2678 256 2748 nsquam
277 2669 449 2746 longissime
469 2667 572 2738 velim;
593 2667 647 2728 sed
668 2685 775 2728 nomen
793 2676 839 2728 est
861 2667 937 2729 idem
959 2667 1012 2743 iis,
1035 2684 1052 2727 a
1075 2665 1179 2745 quibus

172 2761 274 2830 gestus
297 2761 451 2833 motusque
472 2753 647 2814 formantur:
675 2760 707 2812 ut
729 2761 811 2813 recta
833 2753 890 2812 sint
910 2750 1047 2827 brachia,
1074 2769 1112 2810 ne
1138 2753 1179 2811 ln-

173 2835 279 2894 doctae
299 2838 466 2896 rusticaeve
489 2855 606 2912 manus,
636 2854 674 2897 ne
697 2846 790 2898 status
810 2836 985 2912 indecorus,
1013 2853 1051 2894 ne
1073 2835 1180 2915 quain

123 2947 127 2957 ·
173 2915 359 2996 proferendis
382 2919 505 2996 pedihus
528 2922 652 2997 inscitia,
675 2939 713 2980 ne
735 2928 824 3000 caput
836 2921 974 3000 oculique
989 2917 1025 2983 ab
1041 2919 1098 2980 alia
1115 2935 1178 2978 our·

130 3009 164 3066 17
172 3003 253 3080 ponis
271 3000 459 3063 inclinatione
479 3003 646 3065 dissideant.
678 3003 858 3084 Numaeque
872 3004 946 3066 haec
963 3019 1032 3064 esse
1049 3005 1079 3064 in
1097 3012 1179 3084 parte

175 3087 416 3165 pronuntiationis
441 3091 594 3166 negaverit
616 3089 783 3169 quisquam,
810 3105 906 3168 neque
932 3090 1027 3167 ipsam
1055 3105 1177 3167 pronun

173 3172 324 3231 tietionem
341 3172 378 3232 alt
398 3181 516 3232 oratore
534 3181 686 3248 secernet,
709 3182 740 3232 et
758 3181 856 3249 certe,
877 3171 956 3251 quod
973 3172 1074 3233 lacere
1093 3187 1179 3251 opor·

173 3262 250 3332 teat,
276 3272 336 3316 non
355 3255 559 3335 indignandum
583 3265 629 3316 est
656 3255 789 3333 discere,
821 3273 885 3316 cunr
913 3259 1086 3335 praesertim
1107 3255 1180 3317 liaeo

174 3337 370 3418 clironomia,
389 3358 465 3421 quae
486 3348 550 3417 est,
571 3348 602 3400 ut
623 3341 739 3400 nomine
758 3341 826 3420 ipso
844 3339 1028 3416 declaratur,
1051 3343 1105 3402 lec
1125 3359 1179 3419 pe-

173 3430 256 3500 stus,
280 3431 310 3483 et
332 3423 445 3486 abillis
466 3422 646 3503 temporibus
668 3423 798 3485 heroicis
820 3431 884 3484 orta
905 3425 944 3484 sit
967 3432 998 3484 et
1022 3441 1039 3484 a
1063 3425 1179 3485 summis

174 3504 316 3567 Graeciae
333 3509 404 3568 viris
421 3517 509 3588 atque
530 3509 597 3586 ipso
614 3509 700 3567 etiam
716 3507 840 3568 Socrate
860 3506 1000 3587 probata,
1025 3524 1042 3567 a
1060 3507 1180 3568 Platone
1275 3541 1276 3594 f
