2608 3948
425 207 515 256 susc.
529 205 681 256 onscon.
692 208 761 254 ura.
775 208 821 275 1v,
833 205 860 258 a.
1085 174 1142 258 181

139 370 237 441 patum
268 362 428 422 intentione
459 360 639 424 stomachum
662 362 766 422 iudicis
795 361 919 423 reficere
947 362 1144 441 dissuaserim,

139 447 264 507 maxime
279 447 395 525 quidem
412 444 495 504 brevi
510 446 724 522 interiectione,
739 445 833 524 qualis
849 457 895 507 est
910 447 977 508 illa:
994 445 1146 510 Fecerant

137 531 222 593 serni
238 527 378 607 Milonis,
401 531 483 609 qnod
497 548 569 591 snos
586 532 713 608 quisque
726 549 833 594 servos
853 533 885 591 in
902 531 958 594 tali
978 550 1013 593 re
1035 533 1145 611 facere

137 615 302 684 voluissem·
323 615 437 674 interim
449 612 537 691 paulo
553 612 707 691 liberiore,
725 613 819 693 qualis
833 623 879 674 est
892 614 959 676 illa:
979 613 1073 678 Natta
1090 635 1144 694 pe-

136 716 214 759 mero
234 716 355 774 socrus,
377 698 470 758 nattis
490 699 678 776 auspicibus,
700 700 793 760 nattis
808 700 996 777 auctoribus,
1016 701 1147 780 innectis

137 782 290 844 orninibns
307 782 451 846 omnium.
488 779 573 854 Quod
595 799 660 842 cum
681 783 718 841 sit
739 781 847 843 iactum
865 782 910 842 bis
934 800 1051 863 quoque
1074 793 1204 848 tem-m

138 863 278 946 poribus,
303 864 406 944 quibus
428 865 520 924 omnis
541 864 577 926 ad
597 865 750 926 utilitatem
766 867 864 943 potius
889 885 973 945 quam
996 867 1031 928 ad
1047 877 1145 928 osten·

138 949 279 1010 tationem
295 949 525 1027 componebatur
540 951 654 1026 oratio,
678 959 707 1010 et
724 959 805 1010 erant
821 950 915 1010 adbuc
936 953 1087 1012 severiora
1105 953 1146 1010 iu-

139 1031 233 1092 dicia:
255 1042 362 1110 quanto
375 1051 450 1094 nunc
466 1032 630 1093 iaciendum
647 1035 758 1111 magis,
776 1052 839 1094 cum
854 1035 884 1092 in
899 1036 963 1113 ipsa
979 1035 1082 1114 capitis
1099 1043 1147 1095 aut

138 1116 315 1176 fortunarum
329 1117 461 1195 pericula
475 1117 578 1196 irrupit
592 1113 757 1194 voluptas?
782 1119 827 1176 cui
841 1115 985 1178 hominum
999 1119 1146 1180 desiderio

139 1208 275 1278 quantum
296 1200 358 1260 dari
380 1200 502 1275 debeat,
529 1201 587 1262 alio
610 1200 678 1261 loco
700 1200 801 1260 dicam.
841 1199 958 1261 Interim
980 1201 1088 1280 aliquid
1103 1203 1144 1261 in·

137 1283 314 1360 dulgendunn
338 1301 406 1344 esse
438 1283 591 1344 conliteor.
639 1282 760 1344 blultum
786 1283 900 1344 confert
926 1284 1039 1346 adiecta
1066 1287 1204 1349 verialia

138 1365 286 1428 credibilis
302 1383 398 1426 rerum
415 1369 529 1444 imago,
555 1385 629 1446 quae
650 1368 731 1428 velut
755 1369 783 1426 in
804 1385 865 1427 rem
880 1377 1064 1447 praesentem
1079 1386 1146 1448 per·

138 1451 249 1512 ducere
268 1449 417 1512 audientes
432 1451 563 1530 uidetur,
586 1451 679 1530 qualis
698 1461 743 1511 est
765 1451 815 1514 illa
835 1450 873 1512 Μ.
892 1451 983 1514 Caelii
1005 1454 1033 1512 in
1055 1452 1146 1514 Anto·

23 1573 28 1580 -
138 1535 215 1595 uium
232 1535 407 1614 descriptio:
424 1535 565 1615 Nampae
577 1537 677 1615 ipsam
692 1536 846 1620 offendant
863 1539 1022 1599 temulento
1036 1555 1147 1616 sapore

138 1615 343 1703 proflipatam,
366 1622 435 1682 tatis
453 1621 651 1699 praecordiis
663 1627 848 1697 stertentem,
871 1629 1032 1682 ructuosos
1052 1623 1146 1700 spiri·

137 1712 189 1765 tas
211 1705 387 1783 peminare,
411 1706 660 1784 praeclarasque
687 1705 921 1767 contubernales
942 1705 982 1766 ab
1009 1705 1147 1766 omnibus

136 1788 267 1865 spondis
305 1797 504 1850 transversas
525 1789 676 1850 incubare
701 1795 731 1848 ct
753 1787 1145 1866 reliquas·circcmiacerc

137 1871 264 1948 passm.
293 1867 381 1944 Quae
395 1879 496 1933 tamen
511 1873 708 1934 accinctae
722 1879 852 1948 terrore,
870 1871 999 1932 bostiam
1013 1873 1203 1937 adventallt

134 1963 293 2034 percepto,
317 1955 457 2017 excitare
471 1951 634 2018 Antoniam
649 1955 852 2032 conabantur,
871 1973 978 2018 nomen
997 1955 1144 2017 inclamo-

137 2040 223 2114 bant,
242 2039 367 2119 [mustra
381 2058 403 2100 a
417 2041 590 2102 cervicibus
604 2039 766 2115 tollebant,
789 2039 934 2101 blandius
947 2041 1012 2102 alio
1027 2039 1070 2102 ad
1090 2058 1145 2101 aa·

136 2142 201 2184 rem
216 2123 393 2199 invocabat,
415 2124 621 2188 vehementius
635 2125 727 2186 etiam
740 2124 885 2185 nonnulla
903 2123 1055 2202 seniebats
1070 2139 1145 2201 paa-

137 2225 207 2268 ram
222 2226 291 2268 cnm
304 2209 437 2268 omnium
455 2227 562 2272 vacem
584 2215 759 2287 tactumque
779 2209 960 2286 concitaret,
979 2209 1146 2287 proximae

136 2292 287 2368 oniasque
306 2292 414 2354 collam
429 2292 574 2371 amplecn
588 2292 731 2371 petebat,
751 2307 850 2369 nepne
869 2293 1005 2354 dormire
1025 2293 1145 2354 cacita-

137 2382 187 2435 tns
206 2389 305 2451 nepae
325 2375 457 2453 cipilare
477 2377 584 2436 ebrias
602 2383 741 2454 poterat,
763 2376 821 2436 sed
837 2376 1017 2436 semisomno
1036 2392 1146 2453 sopore

136 2457 219 2518 inter
232 2473 342 2518 manas
353 2459 562 2520 centurionem
573 2458 873 2535 concubinarumque
886 2458 1074 2520 iactabatur.
1095 2456 1144 2516 Ni-

137 2538 179 2599 hil
195 2539 239 2599 bie
255 2556 351 2618 neque
367 2540 535 2601 credibilius
551 2539 620 2619 lingi
635 2559 732 2620 neque
752 2539 952 2600 vehementius
972 2539 1145 2619 exprobrari

137 2640 236 2701 neque
251 2623 430 2684 manifestius
447 2624 562 2685 ostendi
578 2634 686 2704 potest.

223 2706 327 2786 Neque
347 2707 419 2768 illud
441 2707 557 2787 quidem
578 2706 763 2788 praeteribo,
786 2716 920 2785 quantam
943 2707 1045 2768 alienat
1061 2706 1203 2769 lidemlts

138 2793 317 2870 expositioni
331 2792 474 2853 numantia
489 2795 663 2862 auctoritas:
688 2809 772 2870 quarn
793 2792 898 2852 mereri
917 2792 1055 2854 debemus
1077 2801 1143 2852 ante

138 2877 234 2936 omnia
254 2876 369 2956 quidem
389 2877 449 2938 vita
468 2876 521 2937 sed
542 2886 571 2937 et
591 2877 657 2955 ipso
677 2893 787 2953 genere
810 2877 965 2954 orationis,
991 2875 1068 2956 quod
1084 2893 1142 2954 quo

138 2959 225 3020 luerit
248 2962 366 3038 gravius
390 2978 426 3021 ac
446 2962 591 3038 sanctius,
614 2961 672 3021 hoc
692 2960 757 3039 plur
778 2960 885 3022 babeat
904 2978 1029 3022 necesse
1052 2969 1098 3020 est
1114 2961 1143 3019 in

138 3041 308 3105 affirmando
325 3044 463 3123 ponderis
480 3062 607 3124 quoque.
635 3043 808 3122 Effugienda
829 3046 918 3122 igitur
938 3046 966 3104 in
987 3044 1042 3104 bac
1057 3049 1203 3121 prae-126

139 3128 226 3204 cipue
242 3135 325 3205 parte
337 3130 427 3188 omnis
440 3127 606 3191 calliditatis
618 3129 759 3207 suspicio,
773 3146 869 3208 neque
885 3129 959 3188 enim
974 3145 1007 3186 se
1023 3142 1143 3203 usquam

139 3210 267 3272 custodit
281 3212 373 3288 magis
393 3213 498 3281 iudex;
520 3211 591 3274 nihil
604 3211 736 3273 videatur
750 3212 863 3288 lictum,
885 3210 956 3271 nibil
969 3209 1141 3278 sollicitum
1196 3257 1205 3264 .

139 3294 235 3355 omnia
254 3294 352 3373 potius
372 3312 388 3356 a
411 3313 498 3356 causa
520 3313 605 3374 quam
625 3296 660 3356 ab
682 3305 799 3356 oratore
819 3295 953 3374 prolecta
977 3293 1141 3355 credantur.

137 3376 178 3439 At
191 3377 250 3440 boc
264 3378 323 3456 pati
337 3394 395 3441 non
409 3396 580 3457 possumus,
596 3388 625 3440 et
640 3381 737 3460 perire
753 3388 844 3439 artem
859 3387 1006 3457 putamus,
1022 3379 1077 3438 uisi
1091 3383 1200 3456 epm
1287 3373 1288 3382 ’

138 3472 234 3543 paret,
258 3481 322 3523 cum
339 3462 452 3524 desinat
466 3481 514 3525 ars
531 3482 610 3542 esse,
624 3465 649 3525 si
664 3470 796 3544 apparet.
827 3461 989 3524 Pendennus
1005 3387 1288 3670 effandet)
