2570 3946
183 213 225 278 52
497 232 533 280 u.
554 231 633 281 usn.
654 229 876 292 umnumunx

183 401 304 466 qusmm
326 386 565 466 experimentum.
601 385 699 464 lugeri
720 403 883 448 mensuram
904 387 1047 451 ducentos
1068 401 1099 454 at
1121 406 1191 472 qua·

183 469 315 548 draginta
335 471 522 550 longitudinis
552 468 645 550 pedes
667 487 737 533 csse
763 470 939 552 dimidioque
963 474 992 534 in
1013 475 1191 536 latitudinem

183 563 308 637 patere,
326 572 384 616 uon
408 553 472 615 iere
489 556 641 635 quisquam
662 563 709 615 est
729 554 778 635 qui
794 556 927 634 ignoret,
951 566 981 618 et
1007 559 1056 638 qui
1077 559 1115 620 sit
1134 561 1190 620 cir·

139 641 276 707 occultus
296 648 326 700 et
347 646 482 718 quatum
505 639 599 718 campi
622 637 738 720 claudat
762 639 907 719 colligere
931 643 1107 722 expeditum.
1151 643 1192 704 ht

183 724 299 786 ceutsui
327 731 357 783 et
383 723 522 802 octogeni
544 724 573 783 in
602 723 745 802 quamque¹
768 728 881 804 partem
909 726 1002 805 pedes
1025 725 1102 787 idem
1123 743 1189 807 spa·

182 809 251 870 dum
267 805 463 868 extremitatis
485 807 539 869 scd
559 806 648 868 multo
672 807 795 887 amplius
814 809 932 871 clausae
951 819 1087 890 quattuor
1104 811 1189 872 limeis
1237 833 1239 838 ·

181 907 269 953 ureae
292 890 411 950 iaciunt.
455 889 488 951 ld
515 892 539 952 si
570 899 739 971 consputare
768 909 854 972 quem
880 895 978 974 piget,
1005 894 1189 957 breuioribus

180 974 306 1035 numeris
323 973 400 1035 idem
416 974 519 1036 discat.
565 974 638 1038 Nam
654 975 721 1038 deni
738 976 767 1036 in
786 977 924 1056 quadram
943 978 1047 1058 pedes,
1067 979 1188 1060 quadra·

180 1059 261 1138 ginta
281 1075 337 1136 per
358 1074 455 1136 oram,
480 1060 554 1121 iutra
577 1068 691 1122 centum
717 1070 809 1121 erunt.
843 1059 895 1122 'ht
918 1064 944 1123 si
965 1063 1111 1143 quinideui
1134 1079 1190 1143 per

181 1143 290 1219 latera,
321 1143 399 1223 quini
427 1144 456 1202 iu
482 1144 578 1206 fronte
600 1145 671 1207 siut:
701 1162 739 1205 ex
759 1145 827 1222 illo,
845 1147 938 1226 -quod
965 1147 1189 1228 amplectuutur,

138 1235 314 1308 awanam
337 1228 483 1289 deducent
515 1228 620 1291 eodem
651 1229 857 1291 circumducta.
902 1231 934 1293 Si
960 1249 1033 1294 vero
1058 1232 1190 1313 porrecti

181 1311 315 1392 utrinque
338 1311 510 1372 undeviceni
530 1313 655 1392 'singulis
675 1312 799 1391 distent,
812 1313 880 1376 'nou
902 1315 1002 1394 plures
1019 1317 1096 1378 intus
1119 1331 1189 1395 qua·

181 1398 281 1459 dratos
304 1394 466 1474 habebunt,
495 1415 581 1476 quam
602 1415 658 1477 per
678 1406 749 1476 quot
774 1397 925 1478 longitudo
949 1400 1084 1472 ducetur3
1114 1417 1191 1479 quae

182 1479 343 1542 circumibit
361 1489 457 1541 autem
480 1481 572 1558 linea,
597 1481 727 1544 eiusdem
743 1484 829 1561 spatii
848 1484 918 1564 erit,
942 1485 1023 1546 cuius
1042 1503 1088 1562 ca,
1113 1499 1190 1563 quac

182 1571 297 1626 centum
321 1565 459 1626 continet.
499 1564 543 1625 lta
566 1565 704 1645 quidquid
725 1566 837 1628 formae
860 1567 992 1647 quadrati
1013 1569 1190 1642 detraxeris,

141 1666 173 1720 45
182 1647 360 1727 amplitudini
383 1666 501 1728 quoquc
523 1648 637 1728 peribit.
683 1647 763 1728 Ergo
787 1652 874 1710 etiam
896 1651 925 1709 id
942 1650 1006 1710 lieri
1028 1659 1137 1730 potest,
1158 1659 1193 1709 ut

181 1733 292 1794 maiore
319 1734 439 1793 circuitu
468 1734 561 1793 minor
589 1731 649 1792 loci
678 1731 836 1811 amplitudo
867 1732 1008 1794 cludatur.
1053 1731 1135 1794 llaec
1160 1734 1193 1792 in

182 1817 286 1897 planis.
332 1817 404 1878 Nam
430 1817 460 1876 in
488 1815 614 1877 collibus
635 1815 819 1896 vallibusque
843 1817 929 1877 etiam
950 1817 1085 1896 imperito
1107 1823 1193 1897 patet

139 1901 249 1982 utplus
269 1902 326 1964 soli
345 1919 413 1962 esse
436 1918 521 1980 quatu
544 1900 633 1961 coeli.
679 1897 775 1974 ouidi
798 1901 876 1980 quod
893 1919 927 1961 se
945 1900 1047 1974 eadem
1068 1915 1190 1981 geome-

182 1988 237 2049 tria
259 1987 336 2048 tollit
356 1985 393 2046 ad
415 1985 556 2045 rationem
574 2000 668 2063 usque
690 1981 808 2045 mundi?
833 1986 951 2064 inqua,
976 2003 1040 2045 cum
1062 1985 1191 2047 siderum

183 2078 281 2131 certos
307 2070 540 2148 constitutosque
564 2085 666 2130 cursus
688 2069 814 2129 numeris
836 2067 936 2145 docet,
960 2069 1097 2130 discimus
1117 2067 1191 2128 nihil

183 2171 251 2214 esse
273 2152 463 2214 inordinatum
480 2161 568 2232 atque
593 2151 755 2222 fortuitum
778 2152 858 2230 quod
875 2153 969 2232 ipsum
987 2169 1190 2231 nonnunquam

141 2229 330 2318 appertiuehe
346 2236 382 2296 ad
401 2245 548 2299 oratorem
564 2243 674 2316 potest.
708 2235 755 2297 hu
771 2253 861 2313 vero,
880 2253 944 2296 cunr
954 2237 1086 2298 Pericles
1097 2235 1190 2297 Athe·

182 2323 299 2383 nienses
318 2319 393 2380 solis
417 2319 623 2382 obscuratione
645 2321 765 2380 territos
792 2318 913 2381 redditis
938 2321 1001 2381 eius
1024 2323 1069 2382 rei
1092 2321 1190 2380 causis

181 2413 259 2467 metu
281 2404 430 2474 liberauit;
454 2413 502 2465 aut
523 2422 588 2466 cum
606 2403 753 2482 Sulpicius
775 2403 827 2465 illc
844 2403 944 2466 Gallus
960 2406 989 2465 in
1011 2406 1142 2466 exercitu
1156 2402 1189 2462 b.

181 2488 274 2551 Paulli
296 2489 333 2550 de
355 2487 442 2548 lunae
464 2488 632 2549 defectione
653 2487 805 2565 disseruit,
828 2506 865 2548 ne
885 2488 967 2550 velut
988 2489 1124 2568 prodigio
1148 2487 1191 2546 di·

181 2573 286 2633 uinitus
309 2573 388 2635 lucto
415 2572 535 2633 militum
562 2572 647 2634 animi
676 2578 873 2656 terrerentur,
900 2589 958 2634 non
982 2572 1097 2633 uidetur
1118 2588 1191 2630 usus

140 2673 251 2729 agente
278 2657 403 2719 oratoris
431 2652 553 2718 oldeio‘i
597 2654 683 2730 Quod
711 2659 736 2716 si
762 2655 861 2718 Nicias
890 2659 920 2717 in
942 2656 1044 2718 Sicilia
1070 2656 1189 2730 scisset,

182 2757 240 2802 uon
258 2742 363 2802 eodem
381 2741 519 2801 confusus
535 2748 613 2802 metu
630 2738 856 2819 pulcherrimum
866 2739 1086 2802 Atheniensium
1104 2755 1191 2800 excr-

182 2826 270 2886 citum
296 2824 489 2905 prodidisset;
519 2825 594 2884 sicut
621 2823 713 2901 Dion,
743 2841 808 2886 cum
833 2824 869 2886 ad
892 2824 1097 2886 destruendam
1118 2821 1191 2884 bins

182 2909 257 2986 nysii
279 2909 459 2986 tyrannidem
481 2907 577 2984 veuit,
600 2922 659 2969 non
681 2916 727 2969 est
747 2909 797 2970 tali
820 2927 891 2970 casu
913 2908 1080 2970 deterritus.
1126 2907 1192 2967 Sint

183 3003 267 3056 extra
288 2992 360 3055 licet
383 3009 453 3053 usus
477 2989 589 3069 bellici,
615 3000 873 3072 transeamusque,
886 2993 975 3072 ¹quod
996 2989 1191 3065 Archimedes

140 3092 255 3148 counus
278 3075 459 3138 obsidionem
481 3077 691 3152 Syracusarum
715 3079 744 3136 iu
765 3077 881 3156 lougius
904 3078 1006 3138 traxit:
1035 3074 1106 3138 illud
1134 3075 1189 3134 uti*

183 3179 241 3241 que
256 3162 313 3222 ianr
326 3162 476 3241 proprium
498 3158 536 3221 ad
549 3160 733 3223 eliciendum
750 3160 829 3240 quod
848 3161 1031 3238 intendimus,
1050 3161 1192 3240 plurimas

184 3247 389 3326 quaestiones,
418 3243 521 3324 quihus
545 3244 693 3307 difficilior
719 3243 775 3305 aliu
805 3245 918 3307 ratione
948 3245 1106 3324 explicatio
1133 3251 1191 3319 est,

183 3336 215 3389 ut
236 3329 274 3390 de
292 3331 404 3390 ratione
427 3327 598 3404 dividendi,
612 3327 649 3388 de
672 3329 811 3394 sectione
828 3329 859 3388 in
878 3329 1026 3406 inlinitum,
1050 3329 1087 3390 de
1110 3326 1192 3390 cele·

183 3414 270 3476 ritate
292 3414 440 3493 augenda,
460 3410 619 3474 linearibus
644 3411 702 3472 illis
730 3413 950 3492 probationibus
973 3413 1050 3474 solui
1073 3413 1192 3481 solere;

183 3505 215 3536 '¹'
247 3500 273 3559 si
296 3507 341 3560 est
362 3498 472 3559 oratori
502 3495 602 3575 (quod
625 3497 773 3576 proximus
797 3497 1006 3558 demonstrabit
1028 3495 1127 3578 liber)
1153 3495 1194 3558 de
