2608 3948
190 201 232 263 90
512 207 878 272 submurmuratum

190 371 345 451 pertinent.
378 368 457 430 ldern
472 369 594 428 sentiret
608 366 672 426 linia
686 366 743 426 hcc
757 365 843 426 modo
861 365 1107 446 comprehensus,
1122 385 1199 448 per-

190 455 328 517 suadere
349 457 431 533 quod
451 457 607 532 oporteat,
629 452 683 510 nisi
700 451 777 529 quod
798 459 889 510 artem
908 451 944 511 ad
960 453 1067 512 exitum
1082 451 1198 530 alliget.

141 539 229 606 tihi
243 537 319 598 bene
335 538 455 598 Areus
478 537 584 597 dicere
597 537 767 596 secundnm
781 536 922 598 vittatam
942 537 1099 598 cratim
1137 532 1199 597 Ex-

191 622 308 685 cludunt
324 639 340 683 a
355 621 503 682 rhetorice
519 617 612 679 malos
630 627 659 679 et
673 618 733 696 illi,
757 620 806 697 qui
826 621 976 681 achatium
991 621 1116 682 civilium
1132 621 1198 680 oili·

191 710 300 768 ciorum
316 723 379 766 eam
399 711 589 783 putaverunt,
613 706 637 763 si
655 704 804 764 scientiam
826 705 960 768 urtutem
981 704 1123 772 iudicant;
1143 705 1198 764 sed

190 800 313 936 arpquste
329 792 402 850 intra
415 788 519 932 piviles
534 790 722 931 qpaettionep
737 796 904 933 coercentis
926 788 1199 935 Alputirpltffl

190 891 332 936 oscuras
380 887 512 933 rcessor
538 888 624 950 aque
650 885 768 948 aucor,
792 887 878 934 amco
903 889 954 935 um
993 890 1049 935 mcc
1093 894 1104 935 t

191 975 259 1019 esse
287 889 432 1019 consgntit
459 957 512 1018 sed
537 953 760 1036 exceptionibus
782 966 888 1035 peccat
921 957 1084 1018 adiiciendo
1105 960 1198 1018 circa

191 1044 296 1105 civiter
324 1043 519 1122 quaestiones
550 1049 580 1100 et
613 1039 824 1110 credibilitem
857 1057 975 1120 quarum
1001 1043 1115 1120 utrique
1141 1043 1198 1101 iarn

148 1143 181 1200 37
190 1143 363 1208 responsum
378 1135 433 1187 est.
470 1123 635 1186 Probabilis
655 1134 686 1185 et
704 1123 746 1185 illi
758 1125 932 1202 voluntatis,
953 1127 1003 1204 qni
1023 1134 1108 1190 recta
1128 1142 1197 1187 serr·

190 1214 249 1274 tire
269 1220 299 1276 et
320 1213 426 1274 dicere
445 1211 609 1271 rhetorices
624 1218 809 1287 putaremini.

273 1293 308 1356 lli
331 1304 397 1357 sunt
417 1296 481 1357 iere
502 1296 574 1354 lines
594 1295 717 1353 maxime
737 1293 866 1353 illustres
887 1292 968 1352 etde
984 1292 1089 1372 quibus
1111 1310 1196 1372 prae-

190 1383 275 1460 cipue
291 1381 462 1459 disputatur.
493 1377 565 1437 llam
579 1389 680 1436 omnes
696 1377 811 1456 quidem
826 1379 966 1456 persequi
980 1393 1077 1456 neque
1094 1380 1197 1438 attinet

189 1481 285 1543 neqne
300 1481 439 1543 possum,
462 1478 525 1522 cnm
540 1477 659 1540 prauum
675 1459 834 1538 quoddam,
857 1469 889 1520 ut
906 1461 1047 1538 arbitror,
1072 1463 1196 1522 studium

191 1551 268 1608 circa
285 1549 447 1627 scriptores
462 1545 575 1606 Artium
590 1545 736 1620 extiterit,
758 1544 828 1605 nihil
849 1545 959 1606 eisdem
977 1546 1094 1622 verbis,
1119 1563 1196 1625 quae

189 1634 270 1711 prior
287 1631 392 1711 aliquis
407 1638 600 1709 occupasset,
624 1625 757 1705 finiendi,
781 1645 855 1708 qnae
873 1629 991 1690 ambitio
1007 1630 1111 1708 procul
1126 1629 1197 1690 abe·

148 1719 226 1778 ierit
242 1734 258 1776 a
272 1733 328 1776 me.
367 1714 469 1777 Dicam
492 1716 566 1774 enim
588 1728 646 1772 non
665 1715 765 1791 utique
789 1731 863 1791 quae
886 1714 1025 1773 invenero
1045 1713 1099 1773 scd
1120 1731 1197 1792 quae

190 1798 363 1878 placebunt,
387 1797 554 1873 sicuthoc,
578 1796 798 1858 rhetoricen
821 1813 905 1858 esse
927 1796 1197 1858 benedicendi

190 1886 395 1953 scientiam:
426 1899 490 1943 cum
509 1891 628 1961 reperto
656 1881 733 1960 qnod
757 1889 802 1942 est
828 1883 980 1960 optimum,
1011 1882 1058 1959 qui
1081 1885 1198 1959 quaerit

165 2006 169 2013 -
190 1969 282 2046 alind,
305 1971 388 2048 peius
403 1968 484 2029 velit.

274 2052 325 2113 llis
354 2051 541 2131 approbatis,
575 2050 658 2110 simul
685 2049 867 2110 manifestum
894 2058 938 2109 est
968 2048 1040 2110 illud
1065 2065 1195 2129 quoque,

191 2154 275 2216 quem
296 2137 381 2196 linem
402 2134 451 2195 vel
469 2136 536 2214 quid
556 2151 694 2196 summum
717 2141 746 2192 et
768 2133 896 2192 ultimum
911 2127 1017 2194 habeat
1034 2133 1195 2211 rhetorice,

147 2221 149 2226 ’
190 2219 268 2299 qnod
291 2217 372 2292 τέλος
393 2220 513 2295 dicitur,
540 2219 574 2280 ad
599 2219 676 2299 qnod
700 2218 791 2278 omnis
815 2233 863 2276 ars
887 2218 991 2285 tendit;
1015 2235 1079 2278 nam
1102 2219 1127 2278 si
1150 2227 1197 2278 est

179 2307 253 2383 ,ipsa
268 2303 344 2364 bene
363 2304 476 2364 dicendi
491 2307 627 2381 scientia,
652 2303 715 2362 linis
736 2302 799 2360 eius
822 2309 851 2360 et
871 2318 1009 2362 summum
1031 2313 1078 2363 est
1099 2303 1195 2363 bene

189 2389 328 2449 dicere.

580 2539 633 2590 AN
655 2539 801 2591 UTlLlS.

272 2639 350 2701 xvi.
380 2639 517 2717 Sequitur
532 2639 683 2716 quaestio,
707 2655 742 2698 an
761 2637 839 2699 utilis
855 2638 1014 2698 rhetorice.
1044 2633 1116 2696 Nam
1131 2651 1194 2714 qun·

188 2726 252 2786 dam
268 2725 458 2784 vehementer
473 2723 501 2782 in
521 2737 584 2781 eam
599 2722 695 2782 invehi
710 2722 823 2798 solent,
841 2731 887 2799 et,
909 2722 987 2801 quod
1004 2723 1040 2780 sit
1056 2722 1194 2799 indignis·

188 2811 304 2882 simum,
335 2809 364 2866 in
391 2808 605 2867 accusationem
633 2808 772 2867 orationis
797 2815 914 2867 utuntur
940 2806 1040 2867 orandi
1066 2805 1193 2866 uiribus:

163 2889 393 2969 adloquendum
422 2906 508 2966 esse,
543 2907 616 2969 quae
645 2892 749 2970 poenis
778 2893 885 2970 eripiat
912 2890 1077 2959 scelestos;
1113 2891 1194 2950 cuius

186 2974 288 3035 fraude
312 2973 480 3034 damnentur
504 2976 617 3037 interim
637 2976 721 3046 boni;
745 2975 866 3036 consilia
884 2975 1024 3036 ducantur
1044 2977 1072 3034 in
1094 2975 1193 3052 peius;

186 3077 241 3120 nec
262 3058 423 3121 seditiones
445 3059 531 3121 modo
553 3060 713 3141 turbaeque
738 3059 897 3141 populares
924 3059 978 3120 sed
1003 3054 1093 3120 balla·
1108 3059 1193 3118 etiam

186 3142 374 3223 inexpiabilia
393 3145 570 3215 excitentar;
594 3148 674 3206 cuins
690 3147 816 3223 danique
831 3153 889 3203 tum
904 3145 1044 3204 maximus
1059 3147 1097 3204 sit
1111 3159 1192 3221 usus,

162 3234 253 3289 icum
267 3244 322 3308 pro
338 3229 421 3290 falsis
442 3240 543 3291 contra
558 3230 710 3290 veritatem
724 3229 813 3289 valet.
842 3222 915 3288 Nam
937 3237 967 3288 et
982 3227 1098 3289 Socrati
1120 3227 1193 3288 obii·

186 3314 264 3373 ciunt
280 3316 399 3391 comici,
421 3316 531 3376 docere
547 3329 627 3388 eum,
652 3313 796 3390 quomodo
811 3314 944 3392 peiorem
961 3329 1077 3372 causam
1091 3312 1192 3372 melio-

185 3413 246 3457 rem
262 3396 366 3475 iaciat,
389 3407 419 3458 et
432 3406 533 3458 contra
549 3395 647 3456 Tisian
662 3405 690 3456 et
709 3396 837 3476 Gorgian
852 3397 955 3457 similia
972 3395 1040 3457 dicit
1055 3397 1193 3474 polliceri
1282 3419 1283 3426 ¹

166 3479 263 3502 ““···
310 3481 347 3541 'lt
367 3481 411 3540 bis
432 3480 569 3548 adiiciunt
592 3481 726 3560 exempla
747 3479 923 3542 Graecorum
939 3479 1192 3560 Romanorumque
