2592 3940
413 194 845 263 msuouuuomuamvua.
1074 185 1134 249 261

132 351 220 413 modo
241 352 351 412 invisos
374 368 427 412 eos
451 351 577 426 inuium,
603 367 688 428 quam
705 349 783 430 quod
798 367 894 411 amare
914 353 971 432 ipsi
988 353 1135 423 videntum

132 435 207 512 alla,
233 451 296 496 oum
311 450 404 495 senex
420 435 614 495 adolescentis
635 435 813 510 eonvioium‚
835 434 975 496 bonosius
989 437 1136 498 inferioris

131 518 206 588 lert3
229 517 277 579 blo
291 518 367 579 euim
381 525 488 578 tantum
503 519 642 578 oouoitari
659 517 722 578 illie
739 519 824 578 etlam
839 517 916 578 albei
931 518 1029 580 debet.
1065 521 1136 582 Sunt
1146 530 1178 585 15

134 611 165 664 et
187 602 237 663 illa
256 619 296 664 ex
315 602 417 663 eadem
435 610 536 662 nutura
561 601 614 662 sed
635 610 730 661 mutus
755 597 849 663 adbuo
870 603 1004 680 minoris,
1025 606 1138 664 veniam

132 693 247 766 petere,
264 685 493 746 adolescentium
507 685 667 745 defendere
678 701 803 744 amores.
829 683 1038 764 Nonnunquam
1052 687 1137 747 etiam

132 770 208 830 lenis
225 769 434 830 oalorisalieni
455 767 569 830 derisus
590 783 628 828 ex
649 767 705 828 bae
727 767 820 828 forma
844 771 924 829 venit
951 770 1004 830 sed
1021 771 1065 831 bis
1079 787 1138 830 non

134 871 174 914 ex
188 853 263 914 loeis
278 861 395 914 tautum.
431 853 540 913 Verum
564 853 711 930 aliquanto
733 853 823 930 magis
845 853 963 932 propria
979 855 1137 916 luituirtus

134 937 340 1014 simulationis,
361 935 558 998 satisfaciendi
578 935 700 1013 rogandi
725 935 872 1015 εἰρωνεία,
893 951 969 1016 quae
992 938 1138 998 diversum

134 1022 179 1096 ei,
203 1019 281 1099 quod
295 1021 382 1096 dicit,
408 1019 586 1082 intellectum
607 1021 689 1099 petit
724 1018 798 1079 Iliae
813 1021 900 1079 etiam
924 1020 977 1082 ille
990 1023 1082 1082 maior
1103 1021 1180 1083 edlu

135 1103 345 1165 eonoiliandum
361 1104 457 1165 odium
474 1105 554 1164 nasei
569 1102 691 1162 adeetus
707 1101 796 1176 solet,
815 1119 879 1160 oum
894 1101 952 1163 hoo
966 1105 1043 1182 ipso,
1059 1105 1138 1184 quod

134 1204 188 1248 nos
210 1187 384 1248 adversariis
407 1187 620 1262 summittimus,
647 1183 817 1262 intelligitur
840 1187 928 1245 taeita
950 1188 1138 1264 impotentiae

134 1270 332 1349 exprobratio.
369 1267 501 1348 Namque
523 1285 575 1329 eos
598 1285 705 1346 graves
726 1275 756 1326 et
776 1266 976 1329 intolerabiles
996 1269 1025 1330 id
1044 1271 1138 1347 ipsum

134 1355 329 1429 demonstrat,
352 1352 429 1430 quod
451 1353 596 1427 sedimus,
625 1361 654 1412 et
674 1353 808 1429 ignorant
829 1350 925 1429 eupidi
946 1352 1138 1414 maledieeudi

133 1446 183 1499 aut
193 1435 379 1498 affectatores
396 1435 548 1513 libertatis,
562 1436 628 1515 plus
646 1434 779 1496 invidiam
791 1451 874 1513 quam
890 1437 1051 1497 eonnieium
1068 1453 1136 1516 pos·

137 1539 183 1592 *e3
205 1537 269 1582 nam
291 1519 396 1581 invidia
423 1519 625 1595 adversarios,
653 1520 814 1580 eonvioium
841 1534 895 1578 nos
923 1521 1033 1580 invisos
1056 1521 1135 1581 laoit.

134 1603 189 1669 llle
210 1605 265 1666 iam
282 1621 376 1684 paene
391 1602 502 1664 medius
518 1603 640 1664 allectus
662 1612 765 1662 estex
786 1599 930 1662 amoribus
957 1613 987 1663 et
1008 1621 1045 1662 ex
1060 1604 1136 1663 desi·
1145 1612 1179 1669 17

136 1687 224 1750 leriis
239 1689 395 1749 amicornm
413 1695 442 1747 et
455 1688 703 1762 necessariorum,
727 1703 791 1745 nam
814 1693 843 1744 et
867 1685 925 1746 boe
938 1687 1030 1746 maior
1047 1695 1093 1745 est
1108 1695 1138 1748 el

134 1771 186 1832 illo
207 1773 309 1831 minor.
351 1770 417 1831 Non
441 1765 542 1849 parum
572 1769 770 1846 significanter
797 1769 881 1827 etiam
906 1768 956 1829 illa
977 1771 1006 1829 in
1026 1769 1137 1830 sobolis

136 1849 200 1934 ἤθη
223 1854 396 1930 dixerimus,
419 1853 522 1932 quibus
544 1852 715 1933 plerumque
736 1853 881 1929 rusticos,
904 1852 1136 1931 superstitiosos,

135 1955 255 2015 avaros,
277 1935 392 1998 timidos
406 1934 563 1997 sao'uudum
578 1936 778 1997 eondioionem
791 1935 1008 2013 propositorum
1024 1936 1137 2014 silingi·

134 2038 206 2082 mus.
245 2019 318 2082 Nam
339 2021 364 2080 si
378 2013 443 2100 ἤθη
462 2038 563 2083 morer
584 2027 664 2080 sunt:
687 2037 750 2080 oum
772 2018 827 2078 bos
851 2018 1008 2097 imitamur,
1031 2037 1069 2080 ex
1091 2017 1136 2080 bis

134 2104 263 2166 duoimus
282 2105 451 2165 orationem.

218 2185 353 2266 Denique
377 2188 436 2248 boo
464 2205 549 2248 omae
575 2185 680 2247 bonurn
711 2194 741 2245 et
774 2203 885 2247 comem
909 2188 1002 2246 uirum
1029 2187 1134 2264 posuit.
1144 2194 1179 2249 18

137 2270 353 2346 Quas-virtutes
375 2287 438 2330 eum
458 2274 544 2331 etiam
564 2271 593 2328 in
609 2269 756 2346 litigatore
773 2269 879 2331 debeat
894 2278 1009 2345 orator,
1029 2271 1054 2327 si
1073 2269 1137 2328 fleri

136 2362 249 2435 potest,
266 2351 447 2432 approbare:
462 2355 561 2431 utique
580 2353 644 2430 ipse
660 2360 707 2411 aut
724 2349 830 2412 babeat
844 2360 891 2412 aut
906 2351 1017 2412 babere
1035 2350 1137 2412 ereda·

134 2449 191 2500 tur.
227 2437 277 2498 Sio
298 2436 428 2515 proderit
450 2435 601 2515 plurimum
615 2435 726 2510 oausis,
750 2434 852 2512 quibus
876 2450 914 2494 ex
935 2451 986 2494 sua
1007 2432 1136 2495 bonitate

135 2521 224 2584 iaelst
239 2519 333 2581 iidem.
363 2517 435 2579 llam
447 2521 506 2598 qul,
521 2518 586 2578 dum
602 2518 688 2595 dioit,
702 2515 794 2578 malus
807 2515 931 2595 videtur,
947 2519 1047 2597 utiqu'e
1060 2517 1136 2578 male

136 2605 219 2672 dioit;
240 2619 298 2662 non
319 2604 394 2663 enim
409 2603 524 2664 videtur
538 2603 610 2662 iusto
626 2602 737 2677 diuers,
762 2601 871 2682 alioqui
885 2587 962 2680 ἦθος
975 2599 1134 2661 uideretur.

137 2686 235 2762 Quare
250 2688 343 2764 ipsum
359 2687 444 2746 etiam
460 2684 574 2746 dioendi
589 2703 681 2762 genus
697 2685 725 2744 in
740 2685 798 2746 boo
810 2683 954 2765 placidum
968 2682 1057 2743 debet
1068 2701 1136 2744 esse
1145 2693 1179 2748 19

136 2789 172 2832 ao
187 2772 273 2840 mite3
287 2765 359 2830 nibil
375 2768 548 2849 superbum,
568 2768 638 2829 nihil
653 2767 759 2829 elatum
776 2769 880 2829 saltem
895 2785 930 2827 ao
946 2767 1068 2828 sublime
1085 2767 1135 2828 de·

138 2853 262 2924 sideret3
284 2855 421 2932 proprie,
443 2852 584 2927 ineunde,
601 2851 780 2912 credibiliter
797 2852 896 2913 dieere
914 2860 1035 2928 satsat,
1054 2850 1134 2911 ideo·

139 2951 195 3014 que
211 2945 240 2998 et
257 2937 369 2998 medius
384 2937 435 2998 ille
453 2937 592 2997 orationis
608 2933 711 2996 modus
726 2937 848 2996 maxime
864 2937 1008 2997 eonvenit.

219 3017 372 3080 Diuersum
387 3029 432 3081 est
446 3021 530 3097 bulo,
554 3017 632 3098 quod
648 3012 769 3092 πάθος
784 3019 904 3094 dieitur,
923 3017 1059 3097 quodque
1081 3028 1179 3082 noeto

138 3102 279 3188 effoetum
302 3106 420 3180 proprie
442 3121 595 3172 uooamus;
623 3113 669 3178 et,
691 3110 723 3162 ut
740 3101 872 3180 proxime
887 3103 1038 3180 utriusque
1053 3100 1134 3162 dilie-

137 3185 257 3246 rentlam
286 3185 414 3262 signem,
447 3186 519 3248 illud
547 3187 716 3248 eomoediae
743 3187 801 3247 boo
827 3184 998 3264 tragoediae
1029 3184 1134 3245 simile.

136 3267 217 3331 Haeo
231 3284 299 3348 pars
316 3269 395 3328 eirea
409 3270 490 3346 imm,
507 3270 612 3346 odium,
628 3278 744 3345 metum,
760 3270 904 3346 iuvidiam,
922 3269 1136 3329 miserationem
1213 3337 1215 3341 ¹

137 3354 201 3414 lere
221 3359 282 3413 tota
301 3360 444 3412 versatur.
482 3351 564 3426 Quae
583 3353 685 3431 qulbus
706 3369 744 3412 ex
764 3352 838 3413 loeis
859 3352 990 3414 ducenda
1010 3353 1084 3427 sint,
1106 3359 1136 3410 et

136 3437 317 3498 manifestum
340 3435 470 3496 omuibus
493 3445 522 3496 et
542 3453 558 3497 a
581 3435 666 3498 nobis
691 3437 720 3495 in
744 3439 856 3496 ratione
880 3436 1023 3515 prooemii
1048 3443 1136 3513 atque
