2592 3940
172 213 248 290 ‘256
506 237 866 299 rr.nan.ou1urn.1au1

184 393 307 455 maxime
336 403 471 456 versatur
504 391 636 454 allectus.
682 391 741 452 Sed
771 393 902 471 privatae
935 410 1052 472 quoque
1082 410 1200 454 causae

184 487 336 556 utrumque
350 477 459 540 habent
476 476 670 555 perorationis
685 493 796 552 genus,
820 484 850 535 et
870 475 959 551 illud,
981 476 1060 554 quod
1086 485 1133 536 est
1157 494 1200 536 er
1278 475 1279 518 l

185 562 402 623 enumeratione
420 561 638 640 probationum,
654 567 684 618 et
700 558 774 634 hoc,
791 558 869 637 quod
883 577 924 619 ex
945 559 1088 634 lacrimis,
1104 561 1129 618 si
1144 568 1199 620 aut
1278 581 1279 614 r

185 654 261 707 statu
274 645 433 724 periclitari
448 653 497 704 aut
511 644 648 722 opinione
666 641 797 720 litigator
815 643 940 704 videtur.
985 641 1058 705 Nam
1079 644 1109 702 in
1124 661 1197 722 par·
1278 673 1279 694 2

184 731 229 789 vis
246 729 361 808 quidem
376 728 473 789 litibus
493 726 546 786 luas
566 725 735 803 tragoedias
754 742 874 786 morere
895 726 955 786 tale
976 736 1048 803 est,
1062 728 1147 805 qnasi
1170 728 1197 787 si

184 829 340 894 personam
354 811 489 872 Herculis
506 818 536 870 et
552 809 712 870 cothurnos
727 818 828 888 aptare
843 809 999 870 infantibus
1018 810 1105 870 velis.

143 909 177 966 37
270 895 316 957 Ne
337 895 408 956 illud
432 894 548 973 quidem
571 893 718 970 iudignum
739 901 785 952 est
808 894 1018 971 admonitione,
1040 895 1145 971 ingens
1166 897 1199 954 in

185 981 313 1060 epilogis
324 996 390 1040 meo
402 979 591 1040 iudicioverti
603 976 768 1052 discrimen,
780 977 963 1056 quomodo
982 995 1022 1039 se
1037 976 1197 1054 dicenti,

185 1065 247 1144 qui
273 1064 481 1140 excitatur,
513 1060 779 1122 accommodet.
834 1059 908 1122 Nam
938 1071 969 1122 et
994 1062 1140 1140 imperitia
1166 1070 1198 1122 et

185 1149 331 1209 rusticitas
348 1156 377 1208 ct
392 1150 474 1224 rigor
489 1155 519 1206 et
534 1145 702 1206 deformitas
723 1144 846 1206 aderunt
862 1147 976 1206 interim
997 1145 1107 1223 frigus,
1129 1144 1197 1206 dili-

142 1240 347 1311 asgenterque
369 1240 435 1293 sunt
454 1231 528 1291 haec
550 1231 643 1290 actori
665 1227 854 1307 providenda.
898 1227 937 1290 lit
961 1229 1078 1310 quidem
1105 1247 1197 1307 repu-

184 1325 307 1394 gnantes
324 1332 376 1375 eos
392 1323 515 1394 patrono
532 1323 562 1374 et
576 1313 646 1374 nihil
660 1312 741 1372 vultu
760 1319 922 1373 commotos
937 1323 967 1374 et
987 1313 1197 1391 intempestive

185 1399 349 1460 residentes
384 1407 413 1457 et
438 1397 517 1458 facto
544 1397 643 1474 aliquo
662 1396 711 1457 vel
733 1396 799 1474 lpso
820 1395 901 1456 vultu
926 1398 1015 1472 risum
1040 1404 1195 1457 moventes

186 1500 277 1560 saepe
292 1482 368 1557 vidi,
387 1482 547 1558 praecipue
568 1497 641 1540 vero
665 1497 730 1540 cum
750 1479 847 1558 aliqua
867 1480 949 1541 velut
974 1481 1093 1540 scenice
1111 1479 1194 1540 fiunt.

142 1577 177 1633 39
184 1564 344 1630 Transtulit
363 1564 517 1643 aliquando
532 1572 673 1642 patronus
690 1563 834 1642 puellam,
858 1581 933 1641 quae
949 1580 1035 1624 soror
1054 1581 1124 1624 esse
1144 1561 1194 1623 ad·

184 1649 306 1710 versarii
322 1648 489 1725 dicebatur,
509 1648 590 1727 (nam
605 1647 642 1708 de
658 1647 717 1707 hoc
733 1645 769 1706 lis
785 1648 865 1727 erat)
889 1649 919 1708 in
935 1648 1058 1708 adversa
1077 1647 1194 1708 subsel-

185 1733 240 1809 lia,
258 1743 393 1810 tanquam
407 1734 436 1792 iu
450 1734 563 1810 gremio
578 1732 675 1792 fratris
689 1731 861 1806 relicturus,
883 1740 913 1791 at
927 1733 952 1792 is
975 1731 1091 1790 anobis
1105 1745 1193 1809 prae·
1278 1785 1279 1798 ,

185 1818 310 1884 monitus
326 1816 514 1878 discesserat.
559 1813 630 1876 'ium
651 1815 719 1889 ille,
736 1813 845 1893 alioqui
860 1816 904 1874 vir
920 1815 1075 1890 facundus,
1097 1815 1193 1893 inopi·
1278 1809 1279 1822 ¹

184 1910 269 1962 natae
284 1901 328 1960 rei
344 1918 414 1961 casn
430 1899 571 1960 obmutuit
591 1907 620 1958 et
634 1899 772 1959 infantem
791 1915 872 1958 suam
886 1899 1074 1975 frigidissime
1088 1914 1193 1977 repor·
1278 1935 1279 1976 ι

142 1987 264 2052 dotavit.
310 1983 393 2045 Alius
410 1985 562 2061 imaginem
572 1984 666 2043 mariti
680 1999 734 2061 pro
748 1999 800 2042 rea
811 1982 946 2061 proferre
958 1983 1053 2060 magni
1065 1983 1192 2061 putavit,

185 2079 215 2130 at
231 2085 265 2129 ea
283 2070 401 2146 saepius
422 2069 510 2128 risum
531 2067 611 2127 feeit.
656 2065 728 2126 Nam
747 2075 776 2125 et
796 2067 832 2140 ii,
860 2083 981 2144 quorum
1004 2065 1094 2126 oflicii
1117 2074 1191 2142 erat,

185 2160 216 2210 nt
230 2152 379 2211 traderent
393 2168 470 2226 eam,
485 2151 593 2226 ignari,
611 2152 659 2227 qni
674 2158 754 2209 esset
769 2149 922 2228 epilogus,
939 2151 1073 2228 quotiens
1088 2167 1191 2230 respe-

184 2235 278 2295 xisset
302 2241 457 2312 patronus,
475 2231 638 2292 offerebant
655 2233 767 2311 palam,
789 2242 818 2293 et
835 2233 950 2311 prolata
968 2233 1124 2293 nouissime
1140 2232 1190 2293 de·

185 2318 331 2378 formitate
347 2319 411 2396 ipsa
435 2316 515 2394 (nam
533 2318 611 2376 senis
635 2316 770 2377 cadaveri
795 2325 857 2377 erat
875 2316 987 2398 infusa)
1005 2317 1189 2396 praeteritam

144 2413 304 2480 41quoque
319 2401 459 2462 orationis
475 2402 597 2478 gratiam
611 2400 746 2478 perdidit.
790 2399 854 2460 Nec
869 2403 1015 2478 ignotum,
1032 2401 1101 2480 quid
1123 2399 1189 2477 Gly-

186 2486 267 2562 coni,
295 2485 341 2545 cui
363 2483 509 2563 Spiridion
528 2484 581 2545 fuit
603 2501 781 2561 cognomen,
804 2484 953 2545 acciderit.
1005 2483 1079 2544 lluic
1106 2502 1190 2563 puer,

185 2587 270 2647 quem
293 2569 318 2628 is
339 2567 511 2646 productum
531 2569 598 2646 quid
621 2568 706 2628 fleret
724 2567 942 2646 interrogabat,
969 2587 991 2630 a
1008 2568 1191 2647 poedcpopo

185 2672 220 2715 ae
233 2653 375 2715 vellicari
389 2651 550 2730 respondit.
596 2651 656 2712 Sed
679 2650 749 2711 nihil
772 2650 823 2712 illa
847 2653 926 2712 circa
942 2648 1085 2731 cepasios
1107 2649 1189 2712 Gice-

144 2737 264 2800 saronis
282 2736 382 2798 fabula
403 2735 552 2797 efficacius
578 2735 613 2796 ad
636 2735 767 2814 pericula
791 2736 983 2814 epilogomm.
1030 2733 1130 2796 Omnia
1147 2744 1188 2796 ta·
1278 2759 1279 2812 ᾗ

185 2837 252 2878 men
266 2819 340 2878 haec
358 2818 524 2879 tolerabilia
538 2820 591 2894 iis,
610 2820 714 2898 quihus
729 2821 873 2880 actionem
893 2828 1004 2880 mutare
1025 2818 1113 2880 facile
1129 2827 1187 2887 est;

185 2909 230 2977 at,
249 2902 329 2978 quia
351 2902 418 2962 stilo
436 2919 494 2962 non
511 2902 669 2980 recedunt,
690 2912 738 2963 aut
756 2904 956 2964 conticescunt
973 2904 1009 2965 ad
1029 2903 1083 2964 laos
1104 2919 1186 2962 casus

186 2993 235 3046 aut
256 2985 491 3063 frequentissime
512 2985 586 3048 falsa
601 2986 707 3048 dicum.
751 2985 821 3048 Inde
840 2997 885 3048 est
904 2990 990 3066 enim,
1016 2986 1126 3049 l'eodit
1146 2985 1187 3048 cd

184 3088 287 3148 geaco
310 3076 416 3130 oestro
439 3069 595 3150 supplices
619 3089 744 3146 moue,
777 3078 808 3130 et
833 3069 949 3134 Haeret
972 3073 1006 3134 io
1031 3072 1188 3150 compleas

185 3154 352 3216 liberorum
365 3155 478 3230 miser,
501 3153 682 3217 etfleoocut
696 3173 770 3218 ecce
783 3173 849 3228 mer
869 3157 981 3217 etiamsi
1002 3155 1073 3217 nihil
1089 3155 1188 3216 horum

144 3237 229 3315 ldis,
248 3237 284 3298 de
302 3254 359 3316 quo
376 3237 496 3314 dicitur,
518 3238 613 3298 faciat.
659 3238 706 3298 Ex
721 3237 830 3299 scholis
848 3239 923 3300 haec
938 3241 1023 3317 vitia,
1039 3241 1068 3300 in
1085 3239 1186 3318 quibus

186 3323 279 3382 omnia
295 3321 388 3382 libere
404 3323 535 3400 fingimus
552 3330 581 3381 et
593 3323 722 3400 impune,
740 3324 807 3400 quia
819 3340 872 3402 pro
888 3323 966 3384 facto
983 3332 1039 3399 est,
1051 3321 1188 3402 quidquid

185 3404 343 3476 voluimus3
360 3423 418 3466 non
433 3405 553 3467 admittit
568 3404 626 3466 hoc
640 3406 717 3467 idem
730 3407 855 3482 veritas,
872 3409 1054 3486 egregieque
1069 3407 1128 3469 (las
1146 3407 1186 3465 'ns
1278 3467 1279 3478 ,

185 3485 291 3544 dicenti
308 3488 545 3552 adolescentulo:
560 3486 643 3565 Quid
655 3509 703 3554 me
716 3499 801 3554 torvo
812 3491 895 3554 vultu
905 3487 1078 3570 falcarias
1150 3491 1186 3552 ei
1278 3547 1279 3550 ,
