2608 3948
185 190 243 253 106
499 203 536 250 u.
549 201 628 250 una.
642 201 863 261 consummar

162 417 166 427 ,
180 358 282 420 studiis
299 375 384 436 quam
398 356 522 418 dulcior.
563 354 639 429 Quin
655 359 740 416 etiarn
756 355 814 416 hoc
828 356 935 432 timeo,
960 375 997 417 ue
1020 376 1057 417 ex
1077 375 1114 419 eo
1130 359 1182 421 ml·

179 460 281 502 norem
296 444 419 519 gratiam
432 444 521 514 ineat,
539 439 616 519 quod
633 441 775 518 pleraque
789 456 847 500 nou
864 441 980 500 inventa
995 459 1050 520 per
1065 460 1112 501 me
1129 441 1182 504 sed

179 525 215 587 ab
233 525 297 587 aliis
313 526 416 585 tradita
433 523 608 592 eontinetiu
625 522 731 583 habeat
746 525 832 584 etiam
848 524 998 602 quosdam,
1015 527 1063 604 qui
1081 535 1183 588 contre

179 611 303 670 sentiant
327 618 357 669 et
377 608 586 683 adversentur,
612 616 772 686 propterea
793 606 871 686 quod
894 607 1008 686 plurimi
1033 619 1181 688 auctores,

179 694 309 772 quamvis
326 692 430 753 eodem
455 691 623 767 tenderent,
650 691 780 753 diversas
803 701 898 751 tamen
916 693 979 752 vias
1003 695 1183 754 muniuerunt

150 787 267 857 fiatque
291 778 319 835 in
342 794 422 836 suam
446 777 570 854 quisque
597 775 708 837 induxit
731 785 900 854 sequentes.
937 774 982 836 llli
1004 785 1099 838 autem
1113 794 1182 857 pro·

179 861 249 922 hant
276 859 482 940 qualecunque
504 861 631 938 ingressi
652 869 718 919 sunt
736 860 810 936 iter,
839 877 895 920 nec
915 859 1005 920 facile
1022 860 1181 922 inculcatas

180 945 278 1024 pueris
293 946 500 1022 persuasiones
519 944 692 1020 mutaveris,
717 944 782 1021 quia
795 959 879 1002 nemo
896 959 954 1002 nou
970 943 1107 1005 didicisse
1124 962 1181 1006 ma·

151 1026 241 1091 tvult
255 1045 340 1105 quam
355 1027 481 1088 discere.
516 1025 569 1087 usu
593 1035 703 1102 autem,
724 1035 755 1085 ut
776 1026 956 1104 procedente
971 1024 1047 1087 libro
1060 1028 1182 1106 patebit.

179 1111 287 1170 inlicita
303 1111 446 1172 dissensio
462 1120 627 1187 auctorum,
650 1112 742 1188 primo
763 1110 799 1171 ad
823 1127 873 1184 ea,
897 1126 972 1188 quae
993 1111 1075 1172 rudia
1095 1122 1182 1191 atque

178 1194 350 1273 imperfecta
367 1194 460 1256 adhuc
475 1204 577 1270 erant,
602 1192 804 1266 adiicientibus
820 1192 897 1270 quod
912 1195 1091 1255 inuenissent
1110 1198 1183 1256 scri·

178 1278 327 1358 ptoribus,
343 1296 427 1354 mox,
446 1288 477 1338 ut
492 1277 599 1355 aliquid
615 1279 658 1336 sui
672 1277 838 1337 viderentur
855 1276 977 1353 afferre,
1000 1277 1086 1336 etiam
1101 1287 1183 1339 recta

178 1362 361 1422 mutantibus.
1129 1365 1132 1372 “

151 1455 170 1509 8
266 1443 338 1505 Nam
353 1445 461 1523 primus
474 1452 542 1522 post
559 1460 623 1518 eos,
640 1459 714 1521 quos
729 1451 837 1521 poetae
850 1443 1040 1521 tradiderunt,
1054 1446 1183 1506 movisse

180 1521 277 1606 aliqua
299 1528 376 1588 circa
401 1526 568 1587 rhetoricen
587 1525 783 1606 Empedocles
804 1528 916 1589 dicitnr.
953 1528 1065 1588 Artium
1088 1537 1183 1590 autem

180 1612 340 1691 scriptores
356 1612 545 1690 antiquissimi
564 1609 660 1671 Gorax
682 1620 712 1670 et
732 1609 825 1671 Tisias
843 1612 949 1688 Siculi,
973 1629 1047 1691 quos
1067 1613 1182 1673 insecu-

180 1704 226 1755 tus
243 1705 288 1756 est
301 1697 346 1755 vir
363 1695 493 1756 eiusdem
514 1694 625 1755 insulae
645 1693 768 1772 Gorgias
787 1693 959 1772 Leontinus,
981 1694 1182 1774 Empedoclis,

150 1788 210 1844 tut
224 1780 356 1856 traditur,
372 1779 542 1859 discipulus.
574 1778 602 1838 ls
620 1777 764 1840 beneficio
780 1779 967 1856 longissimae
982 1781 1086 1840 aetatis
1102 1779 1182 1857 (nam

180 1872 295 1923 centum
312 1872 342 1923 et
358 1880 463 1923 nouem
476 1863 549 1923 vixit
563 1864 669 1944 annos)
684 1880 748 1922 cum
764 1862 859 1923 multis
878 1863 962 1923 simul
978 1864 1084 1940 llcruit,
1101 1863 1181 1924 ideo·

180 1956 282 2025 quaet
301 1947 431 2024 illorum,
452 1947 488 2008 de
513 1946 615 2025 quibus
631 1964 719 2027 supra
738 1945 812 2017 dixi,
834 1947 887 2008 luit
907 1947 1036 2008 aemulus
1057 1956 1087 2006 et
1108 1947 1183 2008 ultra

141 2031 321 2094 losocrateu
343 2048 436 2108 usque
457 2031 578 2090 duravit.
622 2029 853 2105 Thrasymachus
875 2029 1089 2092 Chalcedonius
1119 2047 1183 2090 cum

180 2113 238 2173 hoc
254 2122 283 2173 et
298 2113 439 2173 Prodicus
457 2111 525 2172 Cius
545 2122 574 2172 et
588 2112 746 2173 Abderites
762 2114 955 2192 Protagoras,
976 2133 991 2174 a
1007 2131 1065 2193 quo
1080 2113 1183 2174 decem

179 2193 293 2262 milibus
301 2194 626 2256 denariorumdidicr'sse
634 2205 735 2273 artem,
752 2197 943 2275 quumedidit,
959 2197 1100 2260 Euathlus
1111 2197 1181 2258 dici·

178 2288 233 2354 tur,
250 2287 279 2338 et
294 2277 414 2356 Hippias
430 2276 521 2338 Eleus
536 2287 576 2355 et,
592 2297 677 2358 quem
691 2280 864 2341 Palameden
877 2281 961 2342 Plato
975 2281 1116 2362 appellat,
1131 2279 1182 2340 Al·

136 2372 168 2425 ll
176 2361 302 2422 cidamas
312 2360 436 2422 Elaites.
466 2361 613 2440 Antiphon
621 2380 737 2441 quoque
745 2373 775 2423 et
790 2367 950 2425 orationem
967 2367 1075 2445 primus
1093 2365 1181 2425 omni·

177 2463 224 2504 um
240 2447 360 2524 scripsit
377 2455 406 2506 et
425 2445 514 2506 nihilo
534 2447 626 2507 miuus
644 2446 746 2507 Artem
767 2456 796 2506 et
819 2450 883 2526 ipse
906 2451 1069 2528 composuit
1084 2458 1114 2509 et
1128 2465 1182 2527 pro

178 2548 211 2590 se
225 2529 336 2590 dixisse
353 2531 461 2610 optime
477 2537 522 2589 est
541 2530 683 2599 creditum
700 2532 785 2591 etiam
798 2531 986 2608 Polycrates,
1006 2551 1022 2594 a
1038 2549 1095 2610 quo
1111 2533 1182 2592 scri·

177 2623 255 2692 ptam
270 2616 299 2674 iu
314 2614 457 2692 Socraten
472 2614 593 2675 diximus
609 2617 780 2692 orationem,
794 2624 824 2674 et
839 2614 1012 2676 Theodorus
1027 2614 1183 2692 Byzantius

136 2706 170 2759 12
178 2715 215 2757 ex
240 2697 285 2757 his
311 2708 341 2758 et
362 2701 442 2778 ipse,
464 2715 538 2777 quos
556 2697 639 2759 Plato
655 2699 785 2779 appellat
805 2694 1042 2779 toyodutdeiioug.
1074 2698 1183 2758 llorum

178 2782 261 2859 primi
289 2798 453 2843 communes
475 2783 559 2842 locos
581 2792 724 2844 tractasse
746 2783 879 2844 dicuntur
894 2783 1088 2860 Protagoras,
1110 2780 1182 2843 (lor-
1289 2845 1290 2852 ,

177 2866 257 2942 gias;
290 2863 412 2925 affectus
439 2865 578 2926 Prodicus
603 2876 633 2927 et
653 2866 774 2946 Hippias
802 2875 832 2925 et
855 2866 931 2927 idem
951 2867 1127 2944 Protagoras
1154 2874 1184 2925 et

178 2947 423 3024 Thrasymachus.
463 2946 569 3009 Cicero
593 2951 622 3009 ln
642 2949 732 3010 Bruto
760 2959 849 3027 negat
871 2959 937 3011 ante
957 2949 1090 3012 Periclea
1111 2950 1178 3010 scri

177 3041 257 3111 ptum
278 3031 448 3111 quidquam,
474 3033 552 3110 quod
579 3043 709 3094 ornatum
727 3035 883 3094 oratorium
903 3034 1023 3104 habeat;
1052 3036 1115 3094 eius
1130 3032 1183 3093 ali·

178 3133 234 3194 qua
249 3115 331 3177 lerri.
367 3115 585 3195 Equidemuon
598 3119 716 3197 reperio
733 3117 886 3196 quidquam
900 3127 978 3179 tanta
995 3118 1183 3196 eloquentiae
1288 3139 1289 3142 ¹

177 3198 252 3259 larua
274 3199 406 3278 dignum;
435 3200 562 3278 ideoque
584 3201 676 3260 minus
696 3202 786 3261 miror
808 3219 892 3278 esse,
921 3204 970 3282 qui
991 3202 1060 3263 nihil
1085 3201 1121 3260 ah
1144 3217 1182 3260 eo

177 3284 316 3362 scriptum
337 3293 456 3363 putent,
478 3283 551 3344 haec
566 3292 679 3360 autem,
704 3302 778 3364 quae
799 3284 945 3362 leruutur,
970 3286 1006 3347 ah
1028 3286 1091 3346 aliis
1113 3303 1182 3345 esse

135 3368 349 3445 incomposita.
393 3367 444 3428 llis
463 3383 638 3428 successere
659 3369 755 3446 multi,
784 3368 838 3430 sed
859 3369 1034 3430 clarissimus
1055 3367 1184 3446 Gorgiae

177 3450 338 3511 auditorum
358 3450 519 3520 Isocratem
551 3468 711 3532 quanquam
736 3453 772 3514 de
800 3463 995 3533 praeceptore
1025 3454 1087 3513 eius
1106 3453 1185 3512 inter
