2608 3948
203 179 263 244 ibt)
520 187 882 251 rr.sau.uu1urm1aur

155 355 311 418 mertum
332 353 388 408 est.
436 343 500 405 Neo
519 344 661 405 immerito
685 342 803 404 multum
825 359 863 402 ex
890 341 1038 418 diligentia
1064 344 1212 421 partiendi

198 430 263 492 tulit
279 429 372 492 laudis
384 428 420 503 Q.
436 427 627 501 Hortensius,
652 427 733 488 cuius
753 434 850 486 tamen
869 424 1039 487 divisionem
1054 426 1084 484 iu
1098 426 1211 503 digitos

198 513 342 574 diductam
356 527 558 590 nonuunquam
571 507 676 571 Cicero
694 509 799 571 leviter
815 509 914 570 eludit.
944 508 1017 570 Nam
1029 517 1075 570 est
1090 527 1160 570 suus
1180 520 1211 572 et

197 597 329 675 ingestu
345 596 458 672 modus,
476 604 506 656 et
522 591 650 670 vitanda,
667 602 787 671 atquae
802 593 936 668 maxime,
959 595 1079 654 concisa
1092 593 1210 656 nimium

154 690 230 748 caet
248 680 329 742 velut
342 678 502 740 articulosa
518 677 646 756 partitio.
676 675 748 738 Nam
764 686 793 739 et
809 677 975 739 auctoritati
989 675 1142 756 plurimum
1157 678 1208 739 de-

196 763 312 826 trahunt
328 765 435 824 minuta
449 761 501 823 illa
517 778 574 822 uec
589 762 646 822 iam
658 759 786 824 membra
802 759 856 820 sed
870 760 979 836 frusta,
993 769 1022 820 et
1036 759 1121 822 buius
1141 762 1209 841 glo·

196 849 259 908 riae
281 846 395 925 cupidi,
418 862 475 924 qao
498 844 632 905 subtilius
655 853 686 905 et
707 845 856 923 copiosius
884 843 1019 907 divisisse
1043 845 1208 923 uideuatur,

197 940 228 993 et
241 946 426 1009 superuacua
444 938 592 990 assumunt
607 937 653 1003 et,
675 946 750 1008 quae
765 937 867 992 natura
879 927 1038 1004 singularia
1055 937 1137 1006 suut,
1160 945 1209 990 sc-

198 1021 282 1089 cant,
305 1030 361 1074 nee
381 1020 439 1073 tam
459 1012 542 1092 plura
561 1011 669 1074 iaciunt
688 1029 774 1090 quam
796 1013 922 1079 minora:
950 1010 1055 1074 deiude
1079 1030 1144 1074 cum
1165 1012 1209 1074 ie-

198 1105 300 1158 ceruut
325 1097 405 1158 mille
431 1094 606 1175 particulas,
634 1098 663 1158 iu
689 1095 811 1157 eandem
834 1095 961 1158 incidunt
987 1094 1209 1174 obscuritatem,

197 1189 298 1242 contra
314 1199 400 1258 mam
415 1182 532 1259 partitio
547 1182 663 1240 iureuta
679 1190 735 1240 est.

153 1278 189 1334 us
281 1262 319 1324 lit
335 1264 427 1326 diuisa
445 1273 541 1326 autem
556 1273 587 1324 et
602 1263 728 1341 simplex
742 1265 925 1344 propositio,
946 1264 1082 1343 quotieas
1098 1263 1209 1325 utiliter

197 1347 328 1410 adhiberi
341 1357 451 1427 potest,
467 1349 589 1426 primum
600 1346 688 1407 debet
700 1365 769 1408 esse
784 1357 886 1427 aperta
897 1357 984 1427 atque
999 1347 1111 1423 lacida,
1128 1347 1209 1426 (uam

197 1431 265 1510 quid
281 1433 319 1490 sit
333 1431 457 1508 turpius,
474 1447 558 1508 quam
574 1431 602 1492 id
619 1447 688 1492 esse
702 1430 858 1494 obscurum
870 1434 982 1511 ipsum,
1002 1431 1080 1510 quod
1097 1432 1126 1490 iu
1142 1449 1209 1492 eum

197 1513 292 1574 solum
308 1512 461 1576 adhibetur
477 1531 575 1590 usum,
596 1532 633 1574 ne
656 1516 712 1576 siut
734 1524 834 1577 cetera
850 1512 1016 1594 obscurat)
1033 1522 1092 1574 tura
1107 1514 1208 1577 brevia

196 1615 253 1658 uec
268 1597 331 1658 ullo
354 1614 538 1676 supervacuo
561 1608 681 1659 onerata
698 1599 801 1659 verbo.
837 1597 903 1660 Nou
919 1600 1010 1676 euim,
1038 1597 1106 1676 quid
1129 1598 1207 1662 dica·

155 1690 275 1758 simus,
299 1681 368 1757 sed,
392 1680 430 1742 de
451 1699 509 1760 quo
530 1683 634 1743 dicturi
650 1699 763 1757 sumus,
787 1683 975 1744 ostendimus.
1014 1680 1208 1744 Obtiaeuduur

197 1766 293 1842 etiam,
310 1783 347 1824 ue
363 1766 432 1844 quid
445 1767 475 1826 iu
490 1785 525 1827 ea
543 1765 629 1842 desit,
647 1784 684 1826 ue
700 1766 768 1845 quid
783 1769 919 1846 supersit.
951 1767 1096 1846 Superest
1110 1775 1208 1828 autem

196 1851 242 1910 sic
256 1848 331 1926 iere,
349 1867 414 1910 cum
429 1859 479 1911 aut
492 1852 522 1910 in
542 1851 660 1929 species
675 1851 823 1928 partimur,
845 1850 923 1930 quod
938 1852 967 1911 iu
981 1867 1093 1927 genera
1104 1852 1207 1928 partiri

196 1936 234 1994 sit
250 1933 332 2011 satis,
349 1943 398 1994 aut
415 1953 528 2013 genere
542 1936 640 2013 posito
656 1933 805 1996 subiicitur
820 1937 953 2015 species:
968 1943 1000 1995 ut
1016 1935 1041 1995 si
1058 1933 1152 1996 dicam
1168 1933 1206 1996 de

195 2019 320 2093 virtute,
344 2019 469 2095 iustitia,
489 2019 679 2093 coutinentia,
704 2035 768 2080 cum
787 2019 895 2080 iustitia
915 2027 1001 2098 atque
1027 2019 1205 2092 coutinentia

153 2103 309 2168 usuirtutis
333 2102 390 2160 sint
412 2103 540 2180 specics.
581 2100 700 2163 Partitio
723 2103 813 2180 prima
836 2113 898 2179 est,
922 2102 990 2182 quid
1008 2103 1062 2178 sit,
1084 2102 1121 2162 de
1144 2119 1205 2180 quo

197 2184 363 2251 conveniat;
391 2186 475 2263 quid,
491 2186 528 2248 de
549 2203 606 2264 quo
627 2185 794 2264 ambigatur.
823 2185 855 2248 lu
878 2203 934 2265 eo,
957 2185 1035 2266 quod
1055 2189 1204 2261 convenit,

197 2267 266 2348 quid
284 2267 467 2330 adversarius
485 2270 621 2347 fateatur,
643 2269 712 2352 quid
732 2287 801 2339 uos;
824 2273 853 2333 iu
871 2287 925 2348 eo,
947 2270 984 2330 de
1007 2285 1064 2349 quo
1083 2269 1205 2347 ambigi·

196 2361 258 2429 tur,
279 2369 354 2432 quae
368 2362 487 2416 nostrae
503 2356 733 2434 propositiones,
750 2371 825 2433 quae
839 2356 928 2434 partis
949 2354 1100 2416 adversae.
1131 2353 1205 2414 Pes-

196 2437 408 2538 simumtrero,
434 2455 493 2501 nou
512 2437 616 2501 eodem
636 2438 738 2500 ordine
757 2441 879 2518 exequi,
906 2455 964 2517 quo
986 2436 1113 2517 quidque
1132 2454 1203 2518 pro-

196 2537 341 2600 posueras.
422 2563 424 2567 ,
