2592 3940
184 156 248 220 216
497 165 535 217 u.
547 163 633 248 Vrec.
651 165 874 227 oumrmmur

182 329 263 386 uam
274 322 406 402 socium,
421 321 501 384 iuste
513 322 643 402 faceres
660 320 738 399 quod
751 329 833 382 certe
843 337 901 381 uon
916 329 986 399 eget
998 321 1197 401 prohatiouer

139 403 275 482 mosoc
291 423 509 485 compascuum
529 411 592 482 cst,
614 423 813 483 conpascere
827 406 929 467 licere.
963 403 1085 478 Quidam
1101 405 1197 483 haec,

185 509 260 571 quae
279 488 328 549 vel
349 507 387 550 cx
410 489 506 550 cauus
523 487 572 549 vel
596 506 634 548 ex
649 487 841 548 efficientibus
857 487 996 564 diximus,
1019 488 1115 549 alieno
1138 507 1195 550 uo·
1272 487 1273 550 l

183 577 259 636 mine
275 579 381 634 vocant
403 565 536 652 ἐκβάσεις
557 571 586 630 id
608 581 653 632 cst
668 573 773 634 exitus.
814 570 887 632 Nam
902 589 959 633 uso
976 571 1024 634 lric
1038 572 1117 634 aliud
1133 581 1195 634 tra·

185 668 289 735 otetur,
310 674 396 736 quam
411 655 479 734 quid
495 673 533 715 ex
547 672 664 734 quoque
680 656 806 716 eveniat.

268 740 455 820 Appositis
475 738 525 799 vcl
548 741 804 818 comparativa
823 739 966 816 dicuutur,
988 757 1064 818 quas
1079 741 1195 802 minore

185 823 417 898 crassioribus,
439 823 549 883 maiora
569 840 607 882 ex
623 822 799 900 minorihus,
816 825 903 901 maria
924 841 963 884 cx
985 822 1105 903 paribus
1122 839 1195 902 pro·

139 914 176 972 st
184 910 262 971 baut.
300 904 492 968 confirmatur
510 907 679 968 coniectura
700 925 737 966 ex
761 906 887 986 maiore,
911 905 948 967 Si
970 909 1040 985 quis
1059 909 1195 969 sociiis·

183 992 368 1072 cluniacis,
383 990 481 1069 facim
496 998 525 1052 ct
538 990 674 1070 furtum
692 1008 729 1050 ex
743 991 873 1067 minore,
892 988 953 1064 oct
964 991 1060 1071 facilc
1076 1009 1118 1053 cc
1130 1009 1195 1070 pa·
1271 1039 1274 1054 .

183 1077 246 1138 tam
262 1076 414 1150 maiam,
428 1075 601 1153 pcicrobs'ts
621 1091 659 1134 cx
675 1074 755 1152 pari,
779 1071 839 1147 Oui
852 1075 890 1137 ob
905 1093 971 1136 rem
987 1073 1194 1136 iudicandam

182 1160 347 1242 pecaniam
361 1159 499 1237 occepit,
517 1165 547 1219 ct
561 1158 598 1219 ob
613 1158 778 1219 dicendum
789 1158 903 1237 falsum
919 1159 1120 1220 testimouium
1135 1178 1193 1220 ac-

141 1245 284 1323 Bsscs'pict.
314 1241 388 1302 luris
413 1241 593 1302 confirmatio
608 1240 772 1301 huiusmodi
789 1250 850 1301 cst:
873 1259 912 1302 ex
932 1242 1059 1319 maiore,
1080 1240 1117 1304 st
1131 1243 1195 1302 cd-

160 1393 163 1400 ,
184 1326 467 1392 ullorumoccioers
477 1326 559 1400 licet,
572 1332 602 1387 et
611 1325 686 1386 toris
696 1326 849 1395 cccdsrc‚·
861 1342 900 1386 ex
908 1327 1031 1402 minore,
1044 1324 1081 1388 Si
1089 1326 1195 1406 ticcam

184 1423 367 1478 nocturnum
379 1409 694 1487 occidentemque
703 1410 923 1472 lotroccmtcx
935 1411 1008 1490 peri,
1024 1408 1111 1483 Quos
1119 1427 1193 1487 poc·
1274 1466 1275 1506 ¹

184 1491 902 1574 ncadsersusictcsfcctorcmpctrs'siastacst,
917 1494 1026 1558 codem
1038 1494 1196 1556 adsersus
1274 1513 1275 1526 ¹

184 1580 316 1653 matres,-
338 1595 459 1658 quorum
483 1575 607 1638 omnium
629 1585 769 1637 tractatus
792 1587 926 1638 versatur
948 1579 976 1638 iu
1000 1577 1193 1655 syllogismis.

141 1662 238 1729 solur
255 1664 347 1744 magis
363 1662 538 1724 linitiouihus
554 1671 603 1724 aut
618 1659 804 1741 qualitatihus
816 1669 948 1740 prosunt,
964 1660 1001 1722 st
1010 1661 1107 1724 robur
1122 1679 1193 1722 cor-

183 1749 315 1828 poribus
335 1748 444 1810 bocum
466 1756 527 1823 cst,
549 1764 609 1809 coss
626 1749 726 1808 minus
741 1747 883 1817 saaitcs,·
898 1743 935 1807 st
946 1745 1063 1825 fortuni
1078 1745 1193 1821 soclus,

186 1832 285 1911 masis
305 1831 524 1910 scorilccium
546 1829 584 1892 st
603 1831 789 1893 abstinentia
805 1831 920 1906 sistus,
942 1837 972 1890 ct
986 1829 1194 1898 continentia,-

186 1913 222 1977 Sr'
237 1916 371 1978 muudus
377 1915 575 1994 procidentia
588 1917 716 1994 secitur,
734 1913 982 1978 administranda
993 1912 1174 1992 respublica
1179 1935 1194 1982 ;

185 1999 222 2061 Ss'
238 2001 347 2062 doinus
361 1998 528 2076 aedificari
541 1999 608 2060 sinc
622 2001 741 2061 rationo
755 2017 815 2060 coc
827 2003 946 2078 polest,
967 1996 1044 2076 qaid
1067 1996 1195 2075 scendo

142 2083 388 2148 mariasolium
405 2101 484 2144 curo
508 2089 537 2144 ct
553 2084 734 2143 armorum?
764 2080 810 2142 Ac
825 2080 893 2141 milri
909 2081 1026 2160 quidem
1040 2078 1194 2141 sufficerat

185 2167 244 2226 lroc
267 2182 377 2243 genus,
399 2164 502 2224 sedin
525 2165 643 2243 species
663 2172 789 2225 secatur.
835 2163 907 2225 llam
933 2182 971 2224 ex
997 2163 1129 2244 pluribus
1156 2163 1193 2224 ad

186 2266 272 2310 unum
287 2257 316 2308 et
334 2265 371 2308 cx
382 2264 439 2308 uuo
452 2247 488 2308 ed
501 2247 595 2327 plura,
613 2247 704 2327 (uude
722 2256 767 2308 est
785 2245 876 2322 occu
889 2249 993 2325 semel,
1009 2256 1038 2309 ct
1048 2249 1194 2326 sospem)

187 2342 216 2393 ct
240 2339 382 2411 exparte
405 2332 441 2392 ad
460 2340 551 2392 totum
572 2340 601 2392 et
622 2350 660 2392 ex
684 2349 795 2410 genere
818 2332 855 2394 ad
879 2332 1025 2411 speciem,
1049 2338 1078 2391 st
1101 2349 1140 2390 ex
1155 2347 1193 2390 co

187 2417 266 2495 quod
284 2416 412 2476 continet
428 2415 464 2476 ad
478 2416 507 2476 iu
523 2415 601 2495 quod
619 2417 793 2492 continetur,
809 2425 857 2476 aut
873 2434 910 2476 ex
928 2413 1141 2484 difficilioribus
1157 2413 1193 2476 ad

185 2500 320 2561 faciliora
342 2508 370 2560 st
393 2516 431 2560 ex
446 2498 535 2577 louge
550 2500 652 2578 positis
677 2499 712 2561 ad
728 2501 867 2579 propiora
882 2508 912 2559 et
927 2498 964 2560 od
981 2500 1091 2574 omnia,
1117 2515 1190 2576 quar

143 2590 178 2646 91
187 2592 288 2645 coutra
305 2582 381 2644 haec
395 2592 479 2659 suut,
503 2582 605 2642 eadam
619 2585 732 2644 ratione
753 2592 922 2661 argumenta
939 2583 1090 2644 ducuntur.
1121 2581 1193 2642 Sunt

187 2669 262 2728 euim
278 2675 308 2728 et
330 2666 404 2728 haec
417 2667 528 2731 maiora
552 2675 582 2727 st
602 2667 713 2727 minore
735 2675 783 2727 aut
805 2677 886 2728 carte
908 2667 965 2725 vim
980 2665 1104 2726 similem
1119 2665 1191 2724 obti-

187 2759 266 2825 nent,
284 2767 358 2828 quae
375 2751 400 2808 si
415 2762 641 2829 persequamur,
659 2749 754 2811 nullus
770 2752 825 2810 crit
843 2769 877 2810 ea
894 2749 1065 2811 concidendi
1080 2749 1192 2808 modus.

187 2831 298 2894 lufiuita
321 2842 366 2892 est
390 2835 466 2894 euim
486 2850 583 2894 rerum
611 2835 805 2913 comparatio,
834 2833 1018 2910 iucundiora,
1045 2834 1191 2911 graviora,

186 2917 280 2995 magis
295 2917 483 2993 neccssaria,
501 2916 684 2994 honestiora,
703 2917 828 2978 utiliora.
862 2917 921 2979 Sed
937 2918 1080 2978 mittamus
1097 2915 1193 2994 plura,

144 3010 224 3065 etue
246 3001 274 3060 in
297 3016 361 3060 eam
382 3001 489 3079 ipsam,
514 3018 598 3080 quam
612 3003 684 3078 rito,
700 3001 907 3079 loquacitatem
923 3000 1057 3061 incidam.
1086 2999 1192 3060 llxem·

187 3085 302 3164 plorum
318 3100 436 3163 quoque
451 3085 487 3146 ad
501 3083 576 3146 hacc
587 3085 713 3146 inlicitus
725 3093 771 3143 est
787 3102 934 3160 uumerus,
949 3083 1003 3145 ssd
1018 3084 1193 3163 paucissima

188 3170 335 3246 attingam.
367 3166 414 3229 lix
430 3170 541 3230 maiora
558 3186 612 3248 pro
631 3165 773 3244 Caecina,
796 3165 886 3241 ocos
908 3169 1066 3230 exercitas
1087 3184 1175 3229 arma

188 3260 234 3316 tos
253 3259 367 3328 mosot,
389 3252 425 3314 id
446 3252 678 3315 advocationem
700 3269 761 3314 stoa
782 3253 936 3314 oidcbitm
959 3253 1111 3316 movisse?
1146 3249 1193 3310 Ex

187 3334 323 3397 faciliore
341 3336 369 3394 iu
385 3332 518 3396 clodium
533 3343 563 3394 st
579 3331 751 3411 Curionem,
773 3332 821 3398 Ac
834 3337 922 3412 cide,
946 3354 988 3398 co
1008 3336 1104 3415 facilc
1123 3332 1193 3412 βοή

144 3419 390 3498 composueris,
404 3436 474 3480 cum
487 3419 517 3479 is
530 3417 635 3497 [octus
650 3437 713 3480 coo
728 3420 783 3496 sit,
806 3419 856 3482 cui
876 3427 908 3480 tu
925 3419 1114 3482 concessisti.
1147 3414 1194 3478 Ex
