2592 3940
364 241 454 290 rnen.
473 241 623 291 onenon.
639 242 709 290 nnn.
725 242 764 308 v,
780 240 823 293 ιο.
1039 231 1102 294 213

13 422 17 432 ·
94 395 263 476 multiplex,
285 397 373 474 idque
396 404 442 457 eet
457 406 691 474 argumentorum
704 413 797 474 genus
814 413 851 456 cx
871 399 1101 476 remotione,

96 480 253 560 quomodo
271 479 397 540 efficitur
411 488 502 542 totum
516 479 636 556 iolcum,
658 478 745 539 nrodo
761 478 806 555 id,
823 481 902 558 quod
916 480 1101 560 relinquitur,

93 582 203 624 rernm.
243 563 346 624 Totum
361 563 465 623 lnlsurn
481 573 527 623 eet
541 562 599 624 boc
615 563 719 640 nrodo,
742 561 914 626 Pecuniam
927 567 1102 628 credidisse

93 657 125 711 te
143 649 243 717 dicier
265 655 319 708 ant
336 647 470 708 babuirti
483 649 550 727 ipre
563 656 619 709 aut
632 649 673 708 ab
688 648 792 726 aliquo
806 651 958 728 accepisti
983 657 1038 711 aut
1054 651 1100 713 in·

91 733 203 796 venisti
222 739 277 793 ant
301 731 489 809 meripuirti·
530 729 567 792 Si
584 747 683 809 neque
697 732 781 793 domi
793 731 929 794 babuieti
944 747 1044 811 neque
1059 735 1100 796 ab

91 815 359 894 aliquoacccpirti
369 814 815 877 neccclerarnoncrcdidisti.
841 813 996 896 Reliquum
1007 815 1038 877 lit
1049 834 1099 877 vc·

91 916 155 959 rum
167 901 227 974 sic,
243 895 303 960 llic
314 917 433 971 eccae,
450 914 539 979 quem
554 899 611 962 tibi
623 899 778 977 vindicas,
794 906 849 962 aar
859 918 958 962 cerna
975 908 1046 962 tane
1058 909 1147 970 erton

91 992 148 1044 aut
168 990 285 1061 emptae
315 991 370 1044 aut
389 983 520 1044 donator
545 991 600 1044 aut
625 990 805 1046 testamento
827 984 955 1046 relictus
979 991 1036 1046 ant
1060 1003 1102 1046 ca

92 1067 364 1146 boetccaptacaut
375 1067 515 1136 alienam·
533 1065 637 1128 deinde
656 1067 776 1126 remotis
787 1067 933 1144 prioribus
952 1070 1104 1145 supererit.

92 1152 221 1213 alienus.
252 1149 451 1211 Periculosum
469 1158 499 1210 et
515 1168 579 1210 cunr
596 1168 664 1211 curn
675 1149 842 1210 intuendum
857 1168 961 1228 genus,
979 1153 1057 1229 qula,
1073 1153 1099 1212 ei

10 1265 11 1290 ;
93 1235 121 1295 ln
135 1232 328 1313 proponendo
345 1252 431 1294 unum
447 1233 598 1311 quodlibet
613 1234 806 1309 omiserimus,
824 1251 889 1292 cum
903 1235 963 1293 risu
982 1250 1099 1312 quoque

93 1326 153 1380 toto
172 1336 221 1379 res
243 1317 375 1377 solvitur.
421 1316 539 1393 Tutius,
563 1317 640 1395 quod
663 1314 769 1377 Cicero
795 1333 849 1396 pro
873 1314 999 1378 Caecina
1017 1317 1143 1394 incites

93 1420 157 1463 curn
172 1404 345 1477 interroget,
363 1398 400 1461 st
417 1401 496 1462 baec
511 1403 592 1462 actio
606 1421 666 1462 non
678 1404 734 1477 eit,
751 1417 831 1479 qnae
845 1403 907 1462 citi
923 1400 1007 1460 simul
1024 1401 1099 1461 eninr

92 1494 279 1545 removentur
299 1485 404 1544 omnin.
449 1482 507 1544 Vel
529 1502 592 1544 curn
615 1485 671 1544 dno
699 1493 844 1563 ponentur
867 1486 945 1546 inter
968 1503 1002 1544 ec
1027 1501 1098 1545 eon-

92 1570 196 1642 truria,
221 1584 342 1647 quorum
359 1567 489 1628 tenuisse
502 1567 669 1628 utrumlibet
687 1567 824 1644 sullieiut,
840 1568 927 1648 quale
946 1567 1098 1630 ciceronis

8 1689 9 1694 κ
92 1661 148 1726 est,
168 1649 267 1713 Unum
284 1650 405 1730 quidem
421 1659 518 1727 certe,
539 1671 627 1714 nemo
642 1654 700 1715 acii
718 1661 780 1714 tam
794 1653 937 1714 inimicae
950 1651 1098 1728 Oidcntio,

91 1738 145 1815 qui
160 1737 234 1798 milri
247 1754 309 1797 non
327 1736 496 1808 concedam·
511 1737 539 1797 ri
553 1744 668 1798 coartet
683 1743 860 1814 concerptam
873 1736 952 1797 ittod
966 1753 1033 1797 cere
1050 1737 1098 1796 iu-

93 1821 219 1898 dicium,
234 1828 289 1883 ant
317 1820 357 1880 ab
373 1817 484 1881 llabilo
498 1828 553 1880 aut
570 1819 610 1880 ab
628 1817 799 1900 Oppianico
814 1838 882 1881 ema
902 1827 1098 1899 corruptumr

90 1906 120 1965 ri
134 1905 229 1966 doceo
242 1921 302 1966 non
323 1905 363 1965 ab
380 1900 508 1978 Habito,
530 1904 621 1964 cinca
644 1905 685 1965 ab
712 1900 903 1982 Oppianicor
924 1904 953 1963 ei
972 1902 1099 1964 ostendo

91 1989 133 2050 ab
151 1985 339 2066 Oppianico,
357 2005 458 2065 pur-po
476 1984 632 2048 Habitum.
664 1985 709 2047 Fit
725 1989 811 2047 etium
826 2003 863 2046 ex
880 1985 1011 2062 duobus,
1028 1992 1141 2063 quo-69

89 2087 154 2130 rnnr
174 2089 302 2133 neeesse
324 2079 370 2130 eet
394 2071 516 2130 altorum
539 2088 657 2146 verum,
682 2069 814 2149 eligendi.
825 2069 993 2130 udvereario
1013 2077 1098 2147 poto·

92 2163 164 2230 etos,
182 2155 382 2233 efficiturque,
399 2163 447 2231 ut,
469 2163 563 2215 utrum
579 2153 720 2232 elegerit,
738 2162 852 2214 nocent.
883 2151 966 2214 Facit
979 2151 1038 2214 boo
1051 2149 1097 2214 Gi·

91 2255 162 2298 cero
181 2256 235 2319 pro
252 2237 363 2318 Oppio:
389 2235 512 2314 Utrum,
535 2257 604 2300 eum
620 2236 736 2301 Gallam
758 2239 939 2317 appetierat,
962 2256 1004 2300 an
1029 2255 1099 2299 cum

90 2324 159 2401 ipse
176 2341 243 2384 ecre
267 2328 433 2383 conaretur
454 2322 617 2397 occidere,
639 2325 731 2384 telum
752 2321 932 2383 ementem
959 2331 1099 2400 creptum

92 2407 160 2467 eet?
177 2413 206 2464 et
220 2421 275 2484 pro
293 2403 427 2464 Vareno:
451 2402 540 2483 Optio
553 2405 640 2466 cobis
657 2406 767 2480 datur,
789 2413 892 2466 utrum
905 2405 1004 2467 velitis
1020 2422 1097 2467 caen

91 2489 144 2550 illo
157 2489 267 2550 itinera
286 2484 442 2549 Varenum
461 2507 549 2550 urum
570 2505 637 2548 eme
658 2506 700 2550 an
722 2487 813 2549 buius
832 2505 989 2567 pererrare
1005 2495 1035 2550 ct
1046 2488 1096 2550 in-

92 2571 197 2634 ducta.
230 2569 343 2631 Deinde
367 2579 490 2649 utroque
510 2570 581 2632 lucit
602 2573 767 2633 accusatori
789 2571 943 2632 contrariu.
980 2570 1140 2633 lntcrimlb

92 2654 149 2716 dno
172 2656 212 2714 ite
234 2663 452 2733 proponuntur,
483 2664 515 2715 nt
546 2653 712 2716 utrumlibet
732 2655 858 2716 oleatum
877 2653 953 2714 idern
976 2653 1096 2730 efficiet,

92 2739 178 2818 quale
194 2747 249 2814 est,
265 2737 542 2817 Pbiloropbandum
556 2746 612 2814 eet,
628 2740 815 2801 etiamsinon
827 2738 1097 2817 cetpbilooopban-
1128 2761 1131 2765 ·

92 2824 174 2885 dum.
207 2821 245 2884 llt
266 2822 341 2884 illud
353 2822 511 2900 vulgatum,
530 2820 596 2894 Quo
610 2823 746 2900 sabama,
760 2825 790 2885 ei
803 2823 1004 2902 intelligitur?
1027 2839 1097 2901 ono,

91 2909 192 2970 cinon
208 2908 409 2986 inlelllpimri
437 2904 491 2983 tn,
514 2904 680 2968 blantietm·
698 2908 917 2983 incrementis,
945 2907 997 2986 qui
1013 2907 1096 2970 dolo·

90 3009 157 3051 ‘cm
170 2993 237 3068 pati
248 2999 367 3070 polaem-
382 2992 554 3066 mentietur,
572 2992 626 3068 qui
638 3009 699 3052 non
709 2999 819 3071 potest.

177 3072 215 3133 Ut
232 3083 296 3134 eunt
311 3082 406 3136 autern
422 3076 475 3135 trie
491 3082 640 3152 temporo:
655 3074 694 3134 ite
711 3074 801 3136 ordo
819 3091 916 3136 rernm
930 3072 1022 3133 tribus
1034 3079 1137 3137 nno-il

92 3157 196 3218 mentis
214 3166 366 3218 conuentus
383 3167 442 3227 eet;
458 3157 565 3219 hebent
581 3158 656 3218 eninr
672 3160 766 3220 omnio
787 3159 949 3231 initium,
971 3158 1095 3216 incre·

92 3248 268 3318 mentum,
285 3257 470 3317 nummum,
491 3251 523 3301 ut
537 3243 660 3319 iurgium
678 3241 782 3304 deinde
798 3240 905 3304 coedes
924 3247 954 3299 et
969 3247 1094 3316 etrogee.

93 3323 148 3386 ltu
171 3340 244 3402 ergo
266 3323 313 3390 bic
334 3340 451 3403 quoque
473 3333 706 3403 argumentorum
729 3325 812 3385 loeus
833 3325 957 3384 invicem
971 3321 1096 3400 proban·

92 3410 172 3469 tium.
207 3406 279 3468 lium
301 3416 330 3467 et
347 3425 385 3468 ex
402 3409 488 3468 initiis
512 3427 621 3470 summo
646 3409 811 3486 colligitur,
839 3405 926 3486 quale
947 3414 1009 3483 eet,
1029 3403 1098 3468 Non

88 3509 216 3572 porcum
232 3500 333 3572 tapam
346 3499 545 3574 praetactum
558 3511 707 3574 sperare,
723 3509 791 3554 cum
807 3490 968 3555 exordium
978 3490 1097 3572 pullum
