2608 3948
189 195 247 259 152
507 206 869 268 m.aue.oorur1o1nn1

187 379 258 426 tero
272 362 340 424 milri
356 360 535 424 Domitianos
556 360 705 438 Angustus
725 362 837 421 sororis
858 377 929 420 suae
952 372 1091 441 nepotum
1107 363 1186 425 dele·

185 448 299 526 guverit
319 463 434 522 curam,
459 461 517 504 non
532 445 602 505 satis
617 445 757 504 honorem
771 442 942 505 iudiciorum
957 445 1129 508 coelestium
1143 449 1186 507 in-

184 531 332 608 telligam,
360 530 414 589 nisi
443 546 480 589 ex
500 527 558 588 hoc
576 528 673 589 oneris
691 544 808 606 qnoque
827 527 1051 604 magnitudinem
1072 531 1185 592 metiar.

156 614 256 689 oQuis
272 614 346 674 enim
359 613 426 675 milri
449 619 498 673 aut
515 627 612 672 mores
635 610 788 674 excolendi
810 611 846 670 sit
864 610 982 689 modos,
1003 623 1035 674 ut
1055 631 1108 675 eos
1129 631 1187 676 uon

185 699 325 759 immerito
339 695 508 775 probaverit
523 695 720 757 sanctissimus
739 691 867 755 censor?
890 703 938 756 eut
952 697 1065 774 studia,
1090 716 1128 758 ne
1143 698 1187 758 ie-

185 781 299 843 lelliese
314 781 342 840 in
356 779 401 840 lrie
413 767 514 840 didear
530 778 689 858 principem
704 787 735 838 ut
750 779 779 838 in
793 777 924 840 omnihus
947 781 986 842 ita
1000 782 1029 841 in
1045 781 1186 861 eloquen-

157 867 224 932 dtia
241 881 359 944 quoqne
379 859 651 924 eminentissimum?
687 861 798 936 Quodsi
820 878 904 922 nemo
926 865 1060 942 miratur,
1081 873 1187 944 poetas

186 949 326 1008 maximos
342 963 434 1025 saepe
451 947 578 1022 iecisse,
597 955 628 1005 ut
647 962 705 1005 uon
720 945 813 1006 solum
830 945 917 1006 initiis
933 962 1055 1026 operum
1069 964 1187 1008 suorum

185 1029 281 1090 Musas
304 1032 474 1093 invocarent
495 1030 548 1090 scd
567 1029 701 1108 provecti
716 1045 833 1108 quoque
849 1028 983 1107 longios,
1005 1032 1120 1092 eumad
1136 1031 1186 1092 ali·

185 1131 271 1194 quem
286 1115 451 1192 graviorem
471 1115 622 1174 venissent
640 1113 753 1188 locum,
774 1121 943 1192 repeterent
961 1123 1031 1176 vota
1057 1124 1087 1175 et
1106 1114 1187 1175 velut

157 1209 260 1263 cnoro
285 1200 455 1276 precatione
480 1205 647 1258 uterentur:
678 1195 750 1270 milri,
774 1213 892 1276 quoquc
919 1199 1055 1276 proiecto
1077 1199 1187 1278 poterit

184 1282 309 1360 ignosci,
328 1284 363 1358 si,
379 1281 457 1361 quod
471 1283 563 1357 initio,
579 1297 637 1360 quo
652 1282 771 1359 primum
786 1280 860 1341 lrenc
876 1283 1025 1342 materiam
1039 1281 1186 1358 inchoavi,

184 1381 243 1424 non
258 1365 405 1442 feceram,
421 1383 497 1425 nuuc
512 1381 612 1428 omncs
630 1365 658 1424 in
675 1363 812 1424 auxilium
826 1363 899 1425 deos
914 1366 1068 1446 ipsumque
1083 1367 1112 1425 in
1127 1365 1186 1444 pri·

184 1447 248 1524 mis,
265 1464 323 1527 quo
340 1465 436 1528 neque
450 1448 633 1527 praesentius
645 1446 723 1508 aliud
737 1465 793 1508 nec
807 1447 909 1509 studiis
922 1451 1015 1528 magis
1030 1450 1187 1530 propitium

185 1549 290 1592 numen
304 1540 365 1608 cst,
382 1533 530 1601 invocem;
546 1540 592 1607 ut,
614 1539 748 1610 quantum
767 1529 851 1592 nobis
874 1534 1087 1612 expectationis
1109 1532 1186 1594 adie-

186 1616 242 1691 cit,
259 1623 366 1675 tantum
380 1616 488 1693 ingenii
503 1617 629 1694 aspiret,
652 1615 814 1693 dexterque
827 1632 862 1676 ac
877 1616 981 1676 volens
998 1618 1070 1678 assit
1085 1626 1114 1676 et
1127 1634 1186 1693 me,

185 1697 302 1777 qualem
320 1716 388 1758 esse
403 1699 540 1774 credidit,
557 1699 653 1759 iaciat.

69 1775 72 1796 ‘
156 1789 173 1844 d
268 1780 356 1842 Cuius
371 1784 437 1843 milri
452 1782 603 1861 religionis
619 1799 677 1842 non
691 1781 765 1842 haec
782 1782 846 1844 solu
861 1783 952 1859 ratio,
975 1801 1051 1862 quae
1061 1785 1188 1845 maxima

187 1874 249 1939 est;
267 1863 320 1928 ed
338 1865 446 1947 alioqui
465 1867 508 1927 sic
519 1867 653 1945 procedit
668 1867 761 1946 ipsum
777 1883 861 1946 opus,
874 1875 906 1926 ut
919 1869 1028 1928 maiora
1043 1867 1188 1946 praeteri·

186 1953 222 2011 tis
242 1969 277 2013 ac
292 1953 383 2028 magis
400 1951 488 2014 ardua
503 1951 575 2027 sint,
597 1967 671 2028 quoe
693 1949 849 2028 ingredior.
890 1949 1027 2029 Sequitur
1044 1952 1134 2027 enim,
1156 1958 1190 2010 ot

185 2035 418 2097 iudicialium
450 2050 666 2108 causarum,
699 2049 774 2110 quae
799 2042 865 2092 sunt
889 2034 1012 2092 maxime
1032 2033 1131 2093 variae
1153 2051 1191 2094 ao

184 2118 377 2198 multiplices,
405 2119 477 2180 ordo
505 2115 685 2194 explicetur:
713 2114 791 2192 quod
812 2115 956 2193 prooemii
977 2116 1015 2174 sit
1047 2114 1189 2194 cilicium,

186 2219 260 2280 quae
276 2203 350 2263 ratio
366 2199 514 2274 narrandi,
537 2215 612 2277 quae
637 2197 839 2275 probationum
855 2196 938 2273 lides,
966 2215 1020 2258 seu
1035 2201 1190 2276 proposita

186 2286 386 2346 conlirmamus
403 2284 467 2343 sive
483 2289 584 2340 contre
600 2280 676 2342 dicte
691 2279 887 2357 dissolvimus,
904 2289 1008 2360 quanta
1020 2283 1064 2341 vis
1077 2281 1106 2340 in
1117 2301 1186 2362 per-

187 2370 315 2447 orando,
339 2386 392 2427 seu
411 2364 570 2425 reicienda
586 2362 669 2424 brevi
682 2365 859 2443 repetitione
872 2383 968 2426 rerum
988 2369 1126 2426 memoria
1142 2375 1190 2426 est

185 2454 287 2514 iudicis
303 2453 365 2511 sive
381 2448 502 2508 affectus
520 2447 614 2527 (quod
633 2458 678 2508 est
692 2447 782 2528 longe
797 2450 1042 2529 potentissimum)
1060 2465 1187 2510 commo-

159 2538 281 2605 7veudi.
332 2531 377 2592 De
401 2529 503 2611 quibus
524 2530 654 2611 partibus
674 2531 795 2612 singulis
817 2533 930 2612 quidam
945 2534 1100 2612 separatim
1116 2533 1188 2593 scri-

186 2620 258 2680 bere
273 2617 436 2676 maluerunt
449 2615 529 2677 velut
545 2632 616 2676 onue
632 2618 719 2676 totius
734 2618 868 2697 corporis
880 2617 982 2693 veriti,
1006 2625 1036 2676 et
1057 2618 1100 2676 sic
1115 2632 1188 2695 quo·

187 2720 243 2781 que
265 2699 430 2780 complures
457 2700 493 2761 de
514 2718 686 2779 unaqueque
707 2717 804 2762 eurum
820 2700 911 2762 libros
927 2699 1092 2768 ediderunt3
1116 2716 1189 2778 quas

187 2801 244 2863 ego
266 2801 366 2844 omnes
382 2801 468 2844 ansus
484 2793 644 2846 contexere
658 2801 753 2866 prope
772 2785 909 2845 inlinitum
928 2784 1058 2844 laborem
1072 2784 1188 2864 prospi-

187 2869 233 2928 cio
257 2876 286 2928 et
306 2868 370 2946 ipsa
387 2868 564 2946 cogitatione
580 2870 710 2949 suscepti
726 2869 851 2928 muneris
865 2868 980 2945 fatigor.
1013 2866 1072 2928 Sed
1085 2867 1188 2929 duren-

187 2950 251 3012 dum
279 2959 341 3027 est,
368 2952 434 3028 quia
457 2953 624 3032 coepimus,
653 2955 731 3012 etsi
758 2950 867 3010 viribus
890 2949 1073 3028 deliciemur,
1094 2950 1188 3011 animo

187 3036 552 3114 tomenperseuerandum.
1024 3032 1028 3036 ’

582 3188 625 3237 DE
643 3183 797 3239 EXORDIO.

271 3284 293 3346 l.
325 3284 417 3360 ,Quod
437 3285 663 3364 principium
686 3283 784 3343 latine
799 3282 848 3343 vel
868 3281 1057 3342 exordium
1074 3281 1189 3356 dicitnr,

186 3369 295 3431 maiore
307 3368 433 3448 quadam
449 3369 560 3427 ratione
578 3365 681 3428 Graeci
699 3367 833 3427 videntur
843 3364 997 3446 προοίμιον
1008 3366 1188 3431 nominamur

188 3455 255 3532 quie
270 3469 286 3511 a
300 3451 532 3512 nostris'initium
546 3449 632 3510 modo
655 3449 848 3528 significatur,
870 3449 911 3509 illi
933 3451 1004 3510 satis
1026 3448 1106 3510 clare
1121 3463 1188 3525 per·
