2592 3940
365 189 452 238 mss.
472 189 621 239 onnuon.
635 191 704 240 mn.
716 192 748 253 u,
768 190 810 243 ιι.
1038 182 1099 244 225

94 343 411 423 apologationem.
457 339 510 403 Cui
530 343 644 404 coniine
665 354 711 404 εει
732 345 889 424 παροιμίας
906 364 998 424 genus
1016 349 1143 428 illudat

95 426 172 506 quod
196 435 242 486 εει
260 426 341 486 uelut
361 425 470 488 labella
496 427 615 488 breuior
639 436 668 488 ct
691 445 745 508 per
762 428 925 506 allegorian
940 433 1097 511 accipitur:

93 508 161 572 Non
174 517 326 587 nostrum,
343 511 457 588 inquit,
479 529 574 581 nnuss
596 512 650 572 dos
665 513 802 574 citellus.
950 581 953 588 ,

177 593 327 654 Proximus
344 591 471 673 exempli
487 596 566 656 vires
583 593 671 654 hahet
690 595 916 673 similitudo,
940 601 1141 679 praecipuum

93 676 161 753 illa,
192 694 267 756 quae
292 676 405 736 ducitur
432 678 504 738 citra
529 677 625 738 ullam
642 679 859 739 translationum
884 683 1034 742 mixturam
1061 702 1099 744 ex

94 759 182 820 rebus
201 777 296 838 paens
313 760 445 838 paribus:
479 759 535 838 Ut,
557 763 611 839 qui
631 764 822 841 campaneio
841 761 956 844 Campo
971 785 1099 829 consue·
1139 801 1155 823 κ.

94 851 183 921 runt,
219 845 259 904 iis
287 845 481 921 candidatis,
510 860 641 923 quorum
668 864 806 908 nummos
825 865 1012 926 suppressos
1032 870 1099 914 essa

90 935 218 1006 putant,
239 927 441 990 inimicissimi
459 929 556 990 solent
577 947 663 989 essa:
684 931 731 992 sic
752 932 902 992 eiusmodi
914 932 1035 996 iudices
1049 937 1098 996 in-

91 1010 165 1088 festi
186 1019 249 1072 tum
263 1028 317 1072 reo
331 1017 489 1074 uenerunt.
533 1009 606 1072 Nam
620 1003 792 1092 παραβολὴ,
817 1032 900 1092 quam
916 1012 1020 1078 Cicero
1038 1018 1140 1082 col-23
1197 1009 1203 1021 ³

94 1093 233 1154 lationem
252 1103 355 1170 vocat,
383 1094 498 1172 lougius
516 1113 564 1155 res
581 1113 655 1174 quse
674 1105 877 1173 comparentur
897 1109 1033 1176 repetere
1049 1119 1097 1162 so·

95 1177 146 1237 let.
177 1175 280 1257 Neque
296 1177 442 1238 hominum
453 1179 540 1239 modo
557 1180 632 1237 inter
647 1196 680 1236 sc
696 1195 788 1257 opera
803 1179 905 1242 similla
918 1191 1096 1262 spectantur,

93 1269 125 1320 ut
147 1258 252 1322 Giccro
275 1278 328 1340 pro
351 1260 471 1322 llurena
494 1260 579 1322 iacit:
614 1258 732 1334 Quodsi
755 1282 772 1323 ε
791 1270 884 1341 portu
900 1265 1097 1346 solventibus,

48 1363 53 1371 “
93 1345 147 1422 qui
162 1346 225 1406 iant
245 1346 278 1404 in
298 1351 419 1423 portum
440 1362 480 1404 ec
495 1347 557 1407 alto
570 1345 763 1422 inceduntur,
783 1347 969 1426 praedicere
982 1369 1097 1412 sumrsm

92 1428 195 1489 studio
208 1429 304 1489 solent
317 1434 347 1489 et
363 1435 573 1510 tempestatium
593 1430 742 1491 cunonem
758 1438 787 1491 ει
801 1432 994 1511 praedonum
1010 1442 1039 1498 ct
1052 1435 1097 1496 lo-

94 1529 222 1579 corum5
243 1512 325 1589 quod
344 1519 460 1573 nutura
480 1511 585 1594 offert,
608 1520 641 1574 ut
662 1513 701 1574 iis
714 1513 896 1592 foveamus,
921 1517 975 1594 qui
989 1520 1098 1580 audem
1179 1506 1185 1512 ’

91 1595 252 1673 periculo,
274 1595 385 1674 quidus
398 1613 454 1656 nos
465 1596 623 1674 perfuncti
636 1614 761 1673 sumam,
782 1598 1016 1676 incrediuntur:
1039 1618 1097 1680 quo

93 1697 141 1740 me
164 1679 288 1742 tundam
309 1680 410 1741 animo
430 1696 499 1740 esse
521 1687 654 1759 oportet,
672 1683 849 1760 propedem
863 1700 904 1742 em
921 1686 1097 1760 meconiu-

94 1763 227 1824 ctutione
247 1769 364 1824 terrum
385 1763 553 1839 sidentem,
580 1765 613 1824 in
634 1765 735 1840 dunc,
766 1765 818 1826 cui
836 1765 926 1827 uideo
945 1769 1098 1828 mucimus

95 1851 287 1925 tempestales
309 1864 376 1908 csse
398 1844 598 1922 subeundus?
627 1846 681 1906 sed
704 1855 732 1906 ει
754 1865 771 1906 a
792 1849 876 1907 mutis
903 1857 989 1927 utque
1012 1853 1098 1911 etiam

94 1929 225 1988 inanimis
252 1929 366 1988 interim
391 1928 552 1989 huiusmodi
578 1929 698 1990 ducitur.
746 1929 782 1990 Ει
809 1933 942 2008 quoniam
965 1933 1139 2001 similiumnt

94 2012 152 2072 alia
182 2011 275 2072 iacies
300 2014 329 2072 in
354 2012 411 2072 alia
433 2013 561 2072 ratione:
590 2013 798 2074 admonendum
820 2022 884 2091 est,
911 2016 1002 2075 rarius
1030 2035 1097 2077 esso

96 2098 123 2156 in
146 2097 278 2156 oratione
296 2095 367 2156 illud
387 2113 501 2173 genus,
534 2097 611 2176 quod
635 2093 734 2158 εἰκόνα
757 2094 860 2158 Graeci
883 2108 998 2175 vocant,
1023 2099 1097 2179 (quo

96 2180 267 2259 exprimitur
287 2197 383 2240 rerum
404 2188 452 2241 aut
474 2197 663 2259 personarum
679 2182 792 2259 imago,
815 2191 845 2241 ut
864 2179 997 2244 Cassius:
1021 2181 1098 2257 Quis

94 2266 185 2325 istum
194 2264 309 2342 faciam
323 2263 478 2342 lunipedis
490 2267 574 2326 senis
588 2273 732 2343 torquens
739 2265 771 2343 1²)
792 2283 875 2344 quam
892 2268 936 2344 id,
954 2283 1011 2346 quo
1029 2285 1096 2347 pro·

95 2345 219 2407 babillus
241 2346 289 2420 lit,
312 2345 389 2424 quod
404 2347 591 2406 intendimus:
614 2357 662 2424 ut,
684 2349 708 2406 si
726 2350 846 2407 animum
861 2349 940 2408 dicas
959 2351 1097 2410 excolen-

94 2431 179 2506 dum,
202 2429 386 2490 similitudine
400 2429 489 2500 utaris
506 2439 621 2508 terrae,
645 2447 719 2508 quac
735 2430 871 2507 neglecta
886 2433 984 2509 spinas
1000 2450 1034 2492 ac
1046 2433 1095 2492 du-

95 2529 174 2590 mos,
197 2511 275 2574 culta
294 2511 404 2573 fructus
426 2521 521 2581 creat;
547 2523 595 2573 aut
612 2513 636 2572 si
652 2513 688 2573 ad
704 2530 800 2572 curum
818 2516 860 2572 rei
878 2513 1012 2592 publicae
1030 2515 1095 2575 hor·

95 2599 183 2672 teris,
210 2596 366 2673 ostendas,
395 2613 466 2675 apes
494 2598 581 2656 etiam
603 2597 815 2674 formicasque,
837 2613 895 2656 non
914 2599 999 2658 modo
1021 2607 1097 2660 muta

96 2681 149 2740 sed
165 2681 252 2740 ctiam
266 2697 356 2759 parva
372 2678 521 2755 animalia,
544 2682 573 2739 in
589 2697 739 2741 commune
756 2689 852 2741 tamen
863 2678 1008 2742 laborare.
1053 2681 1138 2746 Exti

95 2765 154 2825 hoc
175 2781 286 2842 genere
309 2765 415 2826 dictum
437 2762 509 2822 illud
531 2771 576 2823 εει
599 2760 766 2824 ciceronis:
791 2762 829 2824 Ut
842 2783 976 2843 corpom
990 2773 1097 2830 nostro

94 2851 162 2910 sinc
179 2856 277 2910 menta
291 2849 336 2909 ito
352 2848 462 2908 ciuitas
475 2847 541 2908 sine
555 2848 622 2926 leue
636 2848 702 2909 suis
713 2849 871 2925 portibus,
893 2856 926 2909 ut
939 2851 1042 2910 nareis
1056 2869 1096 2912 uc

94 2934 247 3012 sanquine
263 2940 293 2996 at
310 2931 469 3005 membris,
490 2932 537 2992 uti
549 2950 610 2993 non
623 2939 731 3011 potest.
774 2930 834 2992 Sed
848 2940 879 2991 ut
893 2931 948 2992 hac
963 2936 1095 3011 corporis

95 3015 208 3086 humani
229 3034 283 3094 pro
300 3012 434 3075 Cluentio
455 3015 494 3074 ita
515 3031 568 3094 pro
584 3011 722 3076 cornelio
741 3032 898 3093 equorum,
921 3032 973 3094 pro
989 3015 1097 3076 Archia

96 3114 232 3158 saxorum
253 3116 370 3178 quoque
394 3116 463 3157 usus
484 3107 529 3158 εει
553 3098 745 3162 similitudine.
791 3098 845 3160 llla
867 3099 912 3177 (ut
934 3099 1008 3179 dixi)
1031 3109 1139 3178 pro-26

95 3181 195 3262 plora:
212 3189 245 3242 ut
261 3184 390 3260 remiqes
405 3183 473 3242 sinc
485 3183 693 3261 qubermotore
706 3183 753 3244 sic
767 3185 877 3244 milites
886 3184 952 3243 sine
961 3184 1096 3262 imperu-

95 3272 161 3328 torc
174 3265 249 3326 nidil
261 3267 375 3326 colere.
399 3264 502 3324 Solent
517 3274 611 3326 tamen
628 3266 733 3327 iallere
744 3265 956 3326 similitudinum
967 3267 1095 3344 species,

95 3349 223 3427 ideoque
241 3347 433 3410 adhibendum
455 3356 500 3407 est
513 3348 558 3408 his
573 3351 715 3412 iudicium.
760 3347 863 3430 Neque
882 3350 956 3409 cuim
970 3358 1001 3408 ut
1016 3351 1097 3409 navis

95 3432 195 3494 utilior
209 3450 285 3493 nova
300 3449 385 3513 quam
398 3438 483 3490 uetus
498 3432 541 3491 sic
555 3435 693 3503 amicitia;
711 3432 777 3511 uel,
800 3441 831 3492 ut
846 3433 1003 3510 laudanda,
1023 3449 1098 3511 quae

141 3538 172 3576 u.
192 3538 216 3576 r.
239 3536 353 3588 cunnus.
895 3515 931 3575 15

1280 3447 1289 3576 sp
