2592 3940
213 223 275 290 208
525 235 889 298 ιιιιιιιιιιιιιιιιιι

214 411 336 472 cumque
356 391 508 473 responsis
523 390 677 452 dominatio
695 391 757 451 dari
778 389 870 452 trihus
886 389 1031 453 comediis
1050 391 1217 476 dicebatur,

213 496 305 558 acque
330 495 394 538 eum
415 477 531 538 tertium
552 491 620 534 esse
641 474 780 536 credebat
801 483 868 554 post
886 471 1002 537 'Sullam
1024 473 1217 558 Ginnamque,

169 565 278 644 elquia
295 563 406 640 etipse
423 557 577 621 cometas
595 565 667 618 erat.
701 557 773 620 Nam
796 566 826 619 et
850 559 923 624 illud
944 559 1020 638 apud
1044 559 1218 641 Euripidem

213 645 346 724 trigidum
362 660 442 720 saue,
462 640 540 721 quod
550 657 655 703 nomen
665 641 823 719 Polynicis,
838 651 870 702 ut
883 652 1081 722 argumentum
1091 661 1216 724 morum,

212 731 303 792 irater
318 729 448 788 incessit.
483 725 618 786 iocorum
633 735 728 786 tamen
743 743 781 786 ex
796 742 833 786 eo
848 726 988 807 frequens
1003 729 1138 806 materia,
1158 747 1217 809 qua

213 811 319 874 Cicero
335 813 364 871 in
377 810 501 870 Verrem
516 824 573 870 non
588 810 681 870 semel
694 827 764 870 usus
782 818 837 870 est.
876 810 956 872 Haec
971 811 1036 872 iere
1052 813 1130 872 cirea
1146 831 1215 892 per-

213 913 300 956 sonas
315 902 380 954 sunt
395 893 502 955 acthis
517 893 630 954 similia.
665 892 770 972 Neque
791 895 866 954 enim
882 895 1038 974 complecti
1054 897 1216 958 omnisve}
1277 923 1278 970 i

211 979 267 1039 hac
277 980 306 1038 in
319 986 402 1057 parte
413 976 462 1038 vel
476 977 505 1036 in
518 977 625 1038 ceteris
639 982 804 1055 possumus,
822 980 950 1038 contenti
965 981 1107 1040 rationem
1124 997 1214 1058 quae·
1277 977 1278 1044 ι

212 1061 309 1121 situris
325 1061 491 1122 ostendere.
1277 1051 1278 1088 ³

168 1152 204 1209 32
295 1144 378 1206 Nunc
392 1145 429 1206 ad
448 1161 512 1205 res
534 1153 667 1222 transeo,
693 1146 723 1205 in
738 1143 841 1224 quihus
856 1146 979 1206 maxime
997 1155 1063 1207 snut
1077 1150 1214 1226 personis
1277 1153 1278 1162 ’

210 1230 324 1306 iuncta,
349 1247 424 1310 quae
440 1231 567 1308 aqimus,
590 1228 715 1309 ideoque
738 1231 830 1308 prima
845 1227 1002 1290 tmotanda.
1032 1228 1066 1290 ln
1080 1232 1214 1293 omnihus

170 1382 173 1394 s
210 1330 317 1392 porro,
345 1305 420 1392 quae
452 1313 536 1388 flunt,
566 1315 713 1391 quaeritur
739 1321 788 1374 aut
807 1308 951 1386 Quare?
975 1321 1024 1373 aut
1047 1311 1139 1375 tihi?
1165 1325 1215 1376 aut

167 1393 381 1469 teQuando?
398 1403 446 1456 aut
461 1393 672 1470 Quomodo?
694 1404 743 1457 aut
758 1395 826 1456 Per
841 1411 933 1475 quae
948 1395 1025 1458 iacta
1041 1395 1130 1458 sunt?
1153 1398 1213 1459 Du-

212 1488 313 1539 cuntur
326 1481 413 1556 igitur
427 1487 594 1556 argumenta
615 1497 653 1540 ex
672 1480 797 1541 causis
812 1479 955 1540 factorum
969 1479 1018 1540 uel
1035 1480 1211 1553 futurorum
1277 1509 1278 1558 3

211 1579 330 1640 quarum
343 1561 501 1637 materiam,
513 1558 598 1641 quam
609 1556 685 1641 ὅλην
697 1561 756 1639 alii,
768 1557 911 1640 rddvepso
921 1563 1211 1642 aiiinomina'vmunt,
1277 1569 1278 1628 ἶ

209 1647 239 1705 in
252 1646 309 1706 duo
326 1659 436 1724 genera
450 1644 502 1706 sed
515 1653 670 1724 quaternas
684 1647 834 1724 utriusque
844 1646 971 1708 dividunt
987 1650 1116 1726 species.
1138 1647 1212 1710 Nam
1277 1707 1278 1714 ,

210 1730 274 1790 tere
285 1738 421 1790 versatur
431 1729 504 1789 ratio
517 1727 642 1790 faciendi
653 1731 732 1790 circa
747 1729 888 1790 bonorum
902 1730 1098 1809 adeptionem,
1115 1733 1212 1794 incre·
1277 1781 1278 1788 ,

209 1821 345 1890 mentum,
361 1813 622 1889 conservationem,
638 1831 735 1882 ueum;
749 1820 797 1874 aut
810 1813 950 1875 malornm
960 1817 1159 1891 evitationem,
1177 1817 1210 1877 li·

209 1897 400 1974 horationem,
408 1895 847 1974 imminutionem,tolerantiam;
861 1913 936 1977 quae
945 1907 975 1958 et
985 1899 1210 1960 indetiberando

167 1982 360 2061 utplurimum
374 1980 481 2041 valent.
513 1980 572 2042 Sed
587 1981 639 2041 has
656 1997 759 2042 causas
772 1980 880 2042 habent
894 1991 986 2058 reeta,
1002 1999 1092 2061 prava
1105 1993 1209 2046 contra
1277 2049 1278 2058 ,

211 2084 248 2126 ex
269 2065 352 2125 falsis
373 2063 555 2142 opinionibus
579 2066 705 2124 veniunt.
753 2062 825 2126 Nam
846 2075 892 2126 est
910 2065 955 2126 his
975 2065 1083 2127 initium
1106 2083 1145 2126 eu
1162 2069 1210 2144 iis,

210 2165 285 2226 quae
306 2147 426 2228 eredunt
440 2147 516 2206 bona
532 2153 580 2207 aut
593 2147 679 2224 maia,
692 2147 759 2213 inde
774 2165 891 2209 errores
907 2151 1034 2210 existunt
1048 2159 1078 2210 et
1087 2152 1211 2230 pessimi

208 2229 341 2306 adiectus,
357 2229 386 2289 in
401 2229 504 2307 quibus
519 2237 586 2289 eunt
601 2233 654 2308 ira,
671 2230 776 2308 odium,
799 2233 919 2310 invidia,
944 2233 1103 2313 cupiditas,
1127 2251 1210 2314 spes,

209 2311 349 2388 ambitus,
365 2313 502 2390 audacia,
518 2321 622 2391 metus,
638 2323 738 2375 cetera
752 2317 869 2393 generis
884 2317 1023 2378 eiusdem.
1055 2317 1211 2378 Accedunt

209 2397 363 2478 aliquando
377 2397 512 2473 fortuita,
533 2397 676 2474 ebrietas,
695 2401 872 2478 ignorantia,
887 2417 962 2479 quae
977 2402 1091 2461 interim
1106 2401 1143 2462 ad
1157 2420 1207 2462 ve-

208 2484 283 2542 niam
299 2481 408 2559 valent,
424 2482 535 2542 interim
551 2481 587 2543 ad
601 2481 801 2560 probationem
813 2485 948 2560 criminis,
964 2493 996 2552 ut
1012 2486 1036 2544 si
1051 2486 1129 2565 quis,
1143 2484 1208 2546 dum

167 2565 257 2630 etalii
275 2566 440 2641 insidiatur,
462 2565 547 2626 alium
570 2564 673 2626 dicitur
690 2568 883 2629 interemisse.
916 2566 1029 2629 causae
1044 2583 1134 2646 porro
1150 2585 1208 2630 non
1277 2571 1278 2578 ’

209 2651 244 2710 ad
261 2648 487 2710 convincendum
501 2648 599 2726 modo,
616 2649 694 2728 qnod
709 2651 858 2728 obiicitur,
875 2652 927 2714 sed
942 2650 979 2712 ad
995 2651 1209 2714 defendendum

209 2749 326 2812 qnoque
341 2735 438 2794 excuti
454 2732 567 2808 solent,
589 2751 654 2792 eum
676 2737 793 2813 quisse
816 2744 897 2797 recte
918 2736 1028 2796 iecisse
1049 2736 1078 2796 id
1095 2745 1141 2797 est
1154 2735 1208 2796 ho·

208 2825 291 2875 nesta
315 2833 418 2891 eausa,
443 2816 605 2887 contendit;
636 2835 692 2896 qua
713 2819 750 2880 de
770 2837 803 2880 re
823 2819 908 2880 iatius
924 2821 1054 2880 insertio
1072 2819 1147 2880 libro
1164 2820 1207 2879 di·

166 2906 286 2963 edcmm
306 2907 360 2958 est.
398 2897 547 2960 Finitionis
568 2916 685 2980 quoque
708 2904 895 2981 quaestiones
915 2921 954 2964 ex
976 2905 1071 2964 causis
1093 2904 1208 2963 interim
1277 2967 1278 2988 ,

207 2981 348 3062 pendent,
373 2980 421 3043 Ac
435 2985 649 3064 tprmmdeidm
665 2987 719 3063 qur·
731 2995 908 3066 pressum,
924 3005 946 3048 c
962 3003 1022 3066 quo
1033 2987 1207 3068 depreden—

206 3083 261 3127 erus
275 3069 307 3128 io
322 3068 475 3130 adulterio
492 3069 613 3147 suerat,
637 3069 772 3130 oceidit?
806 3065 856 3130 Ars
876 3073 1064 3150 suceideqce,
1081 3073 1152 3150 qui,
1172 3079 1209 3134 nst

206 3150 306 3212 hoster
322 3153 399 3213 urbe
412 3153 586 3230 expelleret,
605 3169 694 3212 armo
712 3154 819 3232 templo
834 3154 933 3233 afflue
954 3155 1111 3216 &mocisi
1145 3153 1206 3214 Du·

165 3239 200 3298 37
208 3241 310 3294 cuntur
329 3243 497 3312 argumenta
523 3242 553 3293 et
577 3251 616 3294 ex
640 3234 736 3294 ioco.
783 3237 938 3316 Spectatur
966 3239 1042 3299 enim
1061 3238 1097 3299 ad
1119 3237 1207 3299 fldem

207 3316 397 3394 probationis,
413 3327 563 3378 montanus
573 3335 610 3380 an
619 3317 733 3398 manus,
747 3323 903 3381 maritimus
915 3339 952 3383 an
964 3321 1205 3399 meditemaneus‚

208 3402 335 3460 consitus
356 3415 393 3460 an
413 3401 552 3479 incultus,
573 3402 713 3481 frequens
735 3418 771 3465 an
793 3403 944 3485 desertus,
968 3408 1207 3486 propinquusne

206 3493 350 3562 remotus,
372 3493 552 3562 opportunus
566 3486 696 3548 consiliis
712 3505 748 3548 an
761 3488 913 3562 adversus;
935 3507 1019 3570 quam
1037 3501 1148 3571 partem
1162 3489 1207 3549 ui·
