2608 3948
398 202 488 252 insu.
502 203 652 252 cennos.
664 204 733 251 nm.
747 204 798 271 111,
811 203 837 253 1.
1061 195 1120 255 107

116 366 252 419 auctores
270 373 328 416 non
347 359 493 433 convenit,
509 375 563 417 nos
581 366 676 418 autem
694 358 847 440 Aristoteli
862 359 1015 419 credimus.
1047 349 1121 422 lline

116 440 197 502 uelut
213 439 347 501 diversae
362 441 458 502 secari
475 451 637 519 coeperunt
650 443 726 501 viae.
755 441 827 502 Nam
840 451 870 503 et
883 442 1021 503 Isocratis
1037 455 1163 523 prae-14

116 525 283 585 stantissimi
304 524 440 603 discipuli
460 523 576 584 luerunt
600 527 628 584 in
654 527 730 584 omni
753 526 911 598 studiorum
929 545 1051 603 genere,
1071 545 1122 587 eo·

117 626 173 687 que
189 609 245 668 iam
260 609 377 667 seniore
394 607 543 686 (octavum
561 610 679 668 enimet
695 611 913 686 nonagesimum
926 610 1056 689 implevit
1073 629 1121 670 an·

115 693 205 770 num)
223 689 428 770 pomeridianis
442 689 552 750 scholis
568 689 744 753 Aristoteles
764 696 937 772 praecipere
952 703 1042 754 artem
1057 711 1135 754 ora·.

116 777 220 836 toriam
236 775 351 853 coepit,
376 781 446 834 noto
469 774 585 853 quidem
605 774 656 834 illo
675 776 721 855 (ut
738 777 874 858 traditur)
895 796 984 838 versu
1003 797 1041 838 ex
1055 778 1119 839 Phi·

115 858 227 920 locteta
250 857 420 936 frequenter
446 874 532 918 usus:
568 850 700 938 Αἰσχρὸν
721 865 854 938 σιωπᾶν,
874 851 1045 942 Ἰσοκράτην
1069 861 1123 922 ἐᾶν

116 939 219 1020 λέγειν,
238 939 340 1020 Turpe
354 960 423 1003 esse
436 951 542 1004 tacere
556 949 585 1003 et
597 939 760 1005 Isocraten
774 947 842 1022 pati
856 947 970 1007 dicere.
1000 945 1058 1005 Ars
1077 955 1123 1005 est

117 1026 278 1104 utriusque,
294 1024 347 1086 sed
362 1024 492 1104 plnrihus
509 1042 572 1085 eam
587 1024 669 1086 libris
684 1025 862 1089 Aristoteles
878 1029 1048 1107 complexus
1065 1038 1119 1089 est.

115 1108 228 1170 Eodem
245 1118 377 1189 tempore
401 1107 587 1170 Theodectes
611 1109 680 1186 fuit,
702 1111 738 1172 de
761 1113 841 1172 cuius
862 1128 953 1190 opere
975 1130 1063 1191 snpra
1081 1111 1121 1172 di-

117 1202 193 1252 ctum
215 1201 268 1252 est.
316 1191 535 1272 Theophrastus
558 1209 675 1272 quoque
701 1193 870 1254 Aristotelis
899 1195 1058 1275 discipulus
1085 1196 1122 1255 de
1131 1205 1164 1261 15

114 1276 263 1336 rhetorice
280 1277 435 1353 diligenter
450 1278 584 1356 scripsit,
604 1286 691 1355 atquc
707 1278 773 1337 hinc
789 1277 839 1338 vel
855 1278 1011 1338 studiosius
1027 1279 1121 1357 philo·

115 1359 201 1438 sophi
218 1377 302 1438 quam
326 1360 461 1420 rhetores
483 1362 700 1440 praecipueque
718 1361 883 1422 Stoicorum
898 1379 934 1422 ac
949 1361 1121 1440 Peripateti-

117 1461 217 1504 corum
237 1444 395 1521 principes.
434 1441 518 1503 Fecit
536 1445 641 1506 deinde
662 1445 742 1505 velut
761 1447 908 1526 propriam
927 1444 1165 1523 Hermagoraslti

116 1529 202 1601 uiam,
219 1544 303 1606 quarn
317 1525 431 1604 plurimi
445 1536 510 1586 sunt
522 1529 629 1596 secuti;
649 1531 695 1589 cui
713 1531 836 1590 maxime
852 1538 1006 1608 paratque
1025 1547 1121 1590 aemu-

116 1611 162 1670 lus
177 1610 291 1671 videtur
308 1610 477 1670 Athenaeus
495 1610 597 1670 fuisse.
628 1610 717 1672 hlulta
733 1622 800 1690 post
819 1613 994 1692 Apollonius
1009 1612 1120 1690 hlolon,

116 1693 204 1754 multa
222 1693 334 1770 Areus,
360 1694 448 1756 multa
472 1693 619 1755 Caecilius
645 1704 674 1756 et
688 1695 928 1758 Halicarnasseus
952 1695 1120 1772 Dionysius.

120 1778 280 1856 Praecipue
294 1787 389 1838 tamen
404 1781 433 1838 in
447 1797 481 1838 sc
497 1788 704 1840 converterunt
723 1781 817 1841 studia
835 1780 1036 1859 Apollodorus
1053 1778 1122 1839 Per·
1132 1782 1163 1843 17

118 1878 273 1938 gamenus,
295 1863 343 1941 qui
363 1872 541 1942 praeceptor
559 1862 739 1941 Apolloniae
756 1861 892 1925 Caesaris
913 1863 1037 1940 Augusti
1056 1859 1120 1940 luit,

117 1954 146 2004 et
164 1942 337 2005 Theodorus
355 1943 520 2023 Gadareus,
542 1947 590 2025 qui
611 1965 644 2006 se
664 1947 721 2006 dici
737 1947 837 2008 maluit
851 1946 1010 2023 Rhodium,
1037 1964 1123 2025 quem

117 2029 248 2088 studiose
274 2028 406 2105 audisse,
433 2047 497 2089 cum
517 2031 547 2090 in
567 2047 631 2090 eam
651 2030 774 2091 insulam
795 2033 990 2106 secessisset,
1018 2030 1122 2091 dicitur

116 2111 249 2172 Tiberius
266 2110 385 2174 Caesar.
417 2112 453 2174 lli
468 2114 599 2175 diversas
614 2115 767 2194 opiniones
781 2114 974 2191 tradiderunt,
990 2113 1121 2193 appella·
1133 2121 1165 2176 18
1250 2158 1254 2172 .

115 2198 195 2275 tique
220 2197 287 2257 inde
311 2195 508 2277 Apollodorei
526 2217 561 2260 ac
585 2197 755 2262 Theodorei
778 2200 815 2260 ad
840 2217 950 2260 morem
972 2207 1068 2259 certas
1093 2199 1122 2257 in

115 2279 303 2359 philosophia
318 2291 415 2342 sectas
431 2283 582 2361 sequendi.
618 2283 678 2344 Sed
693 2282 869 2363 Apollodori
891 2291 1050 2362 praecepta
1063 2299 1122 2341 ma·

116 2367 162 2441 gis
182 2382 220 2424 ex
240 2365 391 2444 discipulis
414 2383 597 2444 cognoscas,
621 2384 742 2446 qnorum
763 2368 1001 2445 diligentissimus
1021 2367 1050 2425 in
1064 2375 1121 2425 tra-

114 2448 211 2508 dendo
242 2447 295 2507 luit
320 2447 419 2508 Latine
446 2448 535 2527 Gajus
559 2449 698 2528 Valgius,
726 2449 840 2512 Graece
874 2449 999 2510 Atticus.
1049 2448 1123 2508 Nam

116 2532 209 2611 ipsius
226 2529 291 2590 sola
307 2532 422 2591 ridetur
436 2531 493 2593 Ars
511 2534 589 2595 edita
606 2534 642 2594 ad
657 2533 802 2610 hlattium,
822 2535 888 2613 quia
904 2542 1020 2593 ceteras
1035 2534 1123 2591 missa

116 2615 153 2675 ad
169 2615 325 2675 Domitium
347 2615 473 2694 epistola
494 2634 551 2676 non
566 2619 709 2694 agnoscit.
745 2617 831 2677 Plura
849 2616 966 2694 scripsit
986 2612 1122 2675 Theodo-

117 2717 178 2776 rus,
198 2701 280 2758 cuius
296 2698 458 2760 auditorem
471 2698 671 2777 Hermagoran
686 2709 751 2760 sunt
769 2702 817 2779 qui
831 2698 966 2759 viderint.

200 2782 397 2850 Romanorum
411 2785 520 2863 primus
545 2784 701 2863 (quantum
717 2800 774 2861 ego
790 2783 904 2862 quidem
926 2783 1036 2864 sciam)
1054 2800 1122 2843 con·
1130 2789 1164 2845 19

118 2868 188 2929 didit
208 2868 305 2946 aliqua
327 2870 356 2928 in
377 2868 453 2930 hanc
472 2869 621 2929 materiam
641 2865 679 2928 Μ.
699 2866 772 2928 (lato
787 2868 838 2928 ille
858 2864 1034 2944 Censorius,
1054 2876 1122 2947 post

115 2949 154 3010 hl.
176 2952 319 3013 Antonius
340 2952 502 3022 inchoavit;
532 2969 597 3012 narn
619 2951 677 3012 hoc
695 2953 790 3013 solnm
808 2970 881 3032 opus
902 2955 966 3012 eius
984 2961 1073 3032 atque
1093 2951 1122 3011 id

114 3037 211 3113 ipsum
233 3037 436 3114 imperfectum
455 3047 560 3098 manet.
598 3037 697 3098 Sceuti
716 3039 808 3097 minus
825 3036 976 3104 celebres;
1001 3051 1123 3114 quorum

116 3121 300 3195 memoriam,
325 3121 350 3180 si
371 3139 429 3201 quo
449 3121 518 3183 loco
542 3139 592 3181 res
618 3130 740 3201 poscet,
764 3138 822 3181 non
837 3122 974 3182 omittam.
1004 3117 1164 3180 ameni-no

117 3219 205 3282 pnum
226 3219 298 3262 vero
327 3202 423 3265 lumen
445 3208 521 3266 sicut
544 3204 730 3284 eloquentiae
753 3207 792 3266 ita
812 3205 980 3284 praeceptis
1003 3217 1121 3280 quoqne

117 3287 181 3347 eins
196 3286 285 3363 dedit,
301 3288 414 3348 unicum
426 3289 502 3367 apud
513 3305 567 3348 nos
581 3290 730 3367 specimen
745 3289 844 3349 orandi
858 3285 1042 3366 docendique
1057 3300 1122 3343 ora·

116 3371 209 3430 terias
231 3379 327 3448 artes,
357 3369 396 3432 ll.
414 3371 539 3440 Tullius;
562 3382 629 3450 post
654 3391 739 3452 quem
757 3382 857 3432 tacere
877 3370 1122 3431 modestissimum

116 3454 212 3532 foret,
234 3456 289 3516 nisi
312 3463 342 3516 et
363 3456 529 3517 rhetoricos
550 3473 619 3516 snos
641 3458 706 3537 ipse
728 3454 910 3516 adolescenti
931 3452 985 3515 sihi
1001 3453 1120 3531 elapsos
