2570 3946
213 225 255 288 ιο
293 263 300 270 -
533 235 897 297 mnenomranmm

215 393 265 472 qui
282 393 477 471 geminatione
493 408 590 451 earum
604 389 685 450 velut
700 391 784 469 apiae
800 391 971 469 utebantur,
989 401 1038 452 aut
1052 391 1150 464 duass
1162 393 1218 454 nisi

217 478 281 556 quis
301 485 383 556 putat
403 477 488 536 etiarn
509 472 658 534 extribus
680 474 831 535 vocalibus
854 475 997 551 syllabam
1018 475 1098 553 lieri,
1120 475 1145 535 si
1160 492 1218 537 non

173 560 443 640 11aliquasofficio
463 559 679 634 consonantium
698 558 862 636 iungantur.
904 559 1033 634 Quaeret
1048 559 1106 620 boc
1121 562 1217 637 etiarn,

216 644 362 724 quomodo
378 641 488 704 duabus
504 640 616 701 demum
629 641 781 703 vocalibus
796 643 825 702 in
839 645 966 722 seipsas
980 645 1104 705 coeundi
1119 651 1218 704 natura

216 731 267 805 sit,
292 745 356 789 curn
375 727 594 787 consonantium
607 725 687 790 nulla
701 727 756 786 nisi
774 725 895 788 alteram
909 726 1034 806 inungat.
1065 726 1155 806 Atqui
1171 726 1217 787 lit·

214 823 279 874 tera
294 810 307 871 l
323 810 378 871 sibi
395 810 509 886 insidit,
531 811 654 872 comica
668 811 742 870 eninr
758 819 803 870 est
816 809 853 872 ab
868 810 921 872 illo
935 812 1025 887 iacit,
1044 820 1075 871 et
1087 811 1130 887 U,
1147 828 1219 889 quo·

215 894 303 956 modo
317 912 392 955 nunc
407 893 544 954 scribitur
556 894 668 973 oolam
683 903 713 954 et
725 913 845 957 seruos.
887 895 967 956 Sciat
982 897 1067 955 etiam
1083 892 1219 956 Giceroni

216 979 364 1058 placuisse
383 980 446 1041 aiio
464 975 649 1057 Maiiamque
669 980 813 1056 geminata
829 976 842 1038 Ι
857 978 1003 1049 scribere;
1029 978 1146 1058 quodsi
1162 988 1218 1056 est,

174 1071 208 1125 12
217 1063 302 1124 etiarn
323 1063 459 1141 iungetur
478 1069 510 1120 ιιι
532 1077 706 1122 consonans.
753 1060 851 1135 Quare
872 1061 965 1123 discat
984 1081 1072 1142 puer,
1101 1063 1169 1142 quid
1189 1064 1220 1122 in

215 1147 320 1209 litteris
335 1147 501 1226 proprium,
518 1145 586 1224 quid
600 1162 761 1223 commune,
779 1164 853 1225 quae
868 1164 932 1206 cnm
947 1145 1051 1226 quibus
1067 1148 1219 1225 cognatio:

214 1249 271 1292 nec
284 1233 413 1307 miretur,
430 1247 481 1291 cur
497 1247 535 1289 ex
549 1247 676 1292 scamno
689 1229 738 1291 liat
749 1230 910 1292 scabillum
920 1240 970 1291 aut
983 1248 1001 1290 a
1011 1232 1111 1309 piano
1124 1231 1221 1309 (quod

215 1325 261 1376 est
275 1316 404 1396 acanum)
418 1314 529 1373 securis
544 1313 679 1391 utrinque
693 1313 804 1373 habens
820 1315 913 1374 aciem
926 1315 1084 1393 bipeomim
1098 1323 1136 1374 ne
1151 1313 1219 1374 illo·

215 1417 278 1458 rurn
296 1407 436 1476 sequatur
456 1413 602 1474 errorem,
627 1398 691 1476 qui,
715 1397 782 1476 quia
800 1415 816 1457 a
834 1398 928 1476 pinnis
949 1397 1059 1458 duabus
1078 1399 1134 1460 lroc
1150 1415 1220 1458 esse

215 1499 320 1543 nornen
335 1482 514 1557 existimant,
534 1482 650 1559 piaaas
663 1482 757 1541 aviurn
773 1481 830 1543 dici
844 1479 955 1542 volunt.

174 1568 208 1624 13
301 1566 406 1645 Neque
425 1564 478 1625 bas
492 1564 579 1624 modo
599 1567 714 1626 noverit
730 1565 920 1642 mutationes,
943 1583 1015 1644 quas
1031 1564 1154 1626 allernnt
1169 1564 1221 1624 ale·

217 1650 334 1712 clinatio
351 1659 400 1711 ant
414 1649 605 1729 praepositio,
623 1657 654 1709 ut
668 1657 755 1711 secat
767 1651 881 1724 secuit,
898 1650 984 1710 cadit
997 1649 1131 1724 excidii,
1150 1668 1221 1710 cae·

216 1737 263 1796 ate
276 1735 407 1809 eccidit,
426 1735 529 1796 calcat
542 1733 703 1808 exculcat,
722 1732 811 1791 etsie
827 1749 843 1791 a
863 1733 999 1793 lavando
1012 1732 1093 1792 lotas
1107 1740 1137 1791 et
1153 1733 1221 1792 inde

216 1837 316 1879 rursus
337 1819 439 1880 illotas
456 1825 486 1877 et
506 1815 587 1877 mille
602 1816 674 1883 alia;
694 1814 747 1874 sed
768 1830 843 1893 quas
857 1816 947 1876 rectis
968 1831 1086 1894 quoque
1103 1813 1221 1876 casibus

216 1912 312 1965 aetate
327 1903 511 1963 transierunt.
546 1898 619 1960 Nam
632 1907 664 1959 ut
680 1896 795 1960 Voleaii
810 1907 840 1959 et
853 1897 940 1961 Fusii
955 1900 984 1959 in
1002 1897 1143 1961 Valerios
1157 1897 1222 1961 aa·

215 1990 337 2067 riosque
350 1993 506 2046 venerunt:
524 1985 564 2043 ita
582 1984 690 2059 orbos,
712 1982 815 2060 labos,
836 2001 934 2063 capos
952 1985 1038 2046 etiam
1057 1991 1088 2043 et
1104 1983 1224 2046 clamos

174 2072 319 2130 14aetatis
330 2070 455 2129 luerunt.
483 2065 581 2145 Atque
595 2069 660 2144 ipsa
671 2067 691 2127 S
703 2065 800 2127 littera
814 2064 851 2126 ab
863 2065 907 2126 bis
921 2067 1082 2128 nominibus
1099 2067 1223 2129 exclusa

215 2155 245 2213 in
261 2150 430 2231 quibusdam
449 2153 514 2230 ipsa
533 2149 619 2210 alteri
640 2149 800 2227 successit,
823 2167 887 2210 narn
901 2160 1036 2214 mertare
1050 2161 1138 2230 atque
1150 2155 1222 2231 pal·
1272 2145 1273 2172 ¹

216 2246 285 2298 aare
297 2233 442 2312 dicebant,
459 2234 527 2313 quin
540 2234 684 2313 sordeam
696 2233 864 2314 taedasque
878 2251 933 2314 pro
948 2237 1124 2315 aspiratione
1139 2236 1223 2297 velut

216 2320 301 2380 simili
321 2316 418 2380 littera
433 2326 564 2386 utentem
587 2335 651 2376 narn
668 2325 768 2378 contra
783 2316 888 2380 Graeci
909 2321 1040 2400 aspirare
1055 2319 1168 2397 solent,
1191 2330 1224 2381 ιιι

217 2419 271 2482 pro
286 2401 434 2464 Fundanio
452 2397 559 2463 cicero
573 2409 688 2479 testem,
708 2403 756 2481 qui
772 2404 890 2481 primam
903 2405 965 2464 eius
980 2402 1105 2464 litteram
1120 2402 1223 2463 dicere

175 2493 208 2546 15
217 2504 275 2547 non
290 2487 400 2568 possit,
417 2485 528 2547 irridet.
560 2484 619 2546 Sed
633 2483 656 2544 B
671 2502 789 2565 quoque
803 2487 832 2547 iu
846 2486 943 2548 locum
957 2487 1077 2548 aliarum
1091 2486 1223 2547 dedimus
1271 2497 1272 2500 ’

99 2597 111 2625 ι
216 2570 388 2651 aliquando,
415 2570 492 2631 unde
513 2567 637 2631 aomo
663 2577 693 2630 et
714 2567 836 2650 Bmapes
856 2578 887 2630 et
904 2569 1030 2636 Beleoa.
1074 2568 1139 2631 Nec
1163 2586 1225 2629 non

217 2655 319 2716 eadem
334 2655 405 2716 lecit
420 2673 459 2716 ex
478 2653 581 2717 amello
600 2654 726 2732 belam,
748 2655 823 2716 unde
837 2653 977 2719 Duellios
992 2653 1104 2735 quidam
1121 2652 1224 2714 dicere

174 2744 209 2798 16
217 2737 331 2802 Bellias
345 2741 417 2800 ansi.
449 2737 524 2814 Quia
543 2739 673 2802 stlocum
690 2735 865 2819 stlitesque?
895 2737 970 2814 Quid
984 2738 1012 2799 b
1026 2739 1142 2801 litterae
1158 2756 1225 2799 com

218 2821 242 2882 Τ
264 2822 404 2902 quaedam
431 2820 587 2901 cognatio?
622 2822 720 2897 Quare
745 2823 837 2882 minus
857 2824 974 2899 mirum,
998 2824 1023 2884 si
1047 2823 1077 2883 in
1097 2823 1225 2884 vetustis

218 2905 357 2986 operibus
369 2904 449 2966 urbis
459 2913 578 2967 nostrae
591 2914 622 2965 et
634 2904 801 2966 celebribus
814 2905 930 2985 ternplis
942 2907 1077 2986 legantur
1085 2903 1225 2970 Alexam·

217 2997 265 3052 ter
280 2997 309 3050 et
324 2987 506 3052 cassantra.
542 2987 617 3064 Quid
633 2987 658 3048 0
678 2997 766 3068 atque
783 2988 811 3049 U
828 2999 1009 3069 permutatae
1029 2991 1170 3068 invicem,
1194 2999 1227 3051 ut

216 3071 343 3137 llecoba
358 3081 388 3136 et
401 3075 505 3136 oola-ic
520 3070 660 3136 Calcidis
677 3082 707 3134 et
723 3071 874 3137 Paliaeoa
888 3074 1098 3153 scriberentur,
1117 3093 1169 3153 ac,
1187 3093 1227 3134 ne

216 3158 247 3218 in
261 3155 381 3219 Graecis
396 3155 426 3218 tu
440 3165 547 3219 matun
562 3166 688 3235 notetur,
706 3157 858 3221 dederont
870 3177 906 3220 ac
917 3160 1150 3239 probaverooti
1173 3160 1227 3220 Sic

215 3233 385 3321 Ὀδυσσεὺς,
409 3258 494 3321 quern
510 3230 666 3305 Οὖδυσσέα
686 3242 818 3303 leoemnt
832 3242 959 3322 Aeoles,
984 3243 1020 3304 ad
1038 3242 1150 3307 Uliaeo
1172 3243 1226 3304 ale·

175 3324 319 3389 liduotus
340 3335 395 3387 est.
431 3321 526 3401 Qurut
547 3343 605 3387 non
624 3325 650 3386 Ε
671 3343 788 3406 quoqne
809 3325 904 3389 llooo
920 3325 994 3389 fuit?
1023 3326 1175 3391 Meoaroa
1196 3337 1227 3389 et

217 3409 302 3472 leber
323 3420 353 3472 et
372 3417 525 3490 mapester
544 3419 575 3472 ot
589 3409 699 3473 Diiooe
715 3416 832 3474 victore
846 3428 904 3472 non
919 3412 1044 3475 Diiovi?
1078 3411 1138 3474 Sed
1153 3413 1228 3473 milri

19 3535 25 3548 .
217 3493 314 3554 locum
328 3496 445 3572 signare
459 3495 529 3555 satis
546 3503 601 3574 est,
618 3511 675 3556 non
692 3497 767 3556 enirn
782 3495 876 3557 doceo
892 3495 945 3556 sed
960 3495 1102 3557 admoneo
1119 3481 1224 3557 dbctu·
