2608 3948
364 221 458 279 unsri
469 229 619 282 οιιιιοιι.
632 231 703 278 ιιι.
716 233 753 295 11,
765 227 808 284 rt.
1089 223 1129 284 93

125 406 198 469 gere
218 385 360 466 voluptati
382 385 479 446 velim
518 377 710 446 Transeamus
730 387 817 476 igitur
838 390 874 450 ad
897 407 960 450 eam
982 392 1129 467 quaestio

124 491 205 547 nens,
229 486 304 550 quae
326 471 473 560 sequitur,
502 487 538 530 an
557 469 715 530 rhetorice
729 487 791 530 ars
816 475 862 532 sit.
909 473 994 558 Quod
1017 475 1157 552 quidemn

125 559 199 619 adeo
216 573 254 616 ex
268 554 330 630 his,
350 555 398 632 qni
418 555 577 632 praecepta
595 553 709 614 dicendi
732 555 926 640 tradiderunt,
947 573 1033 616 nemo
1049 559 1130 619 duhi·

124 642 211 716 tavit,
235 648 266 698 ut
289 639 375 699 etiam
395 638 467 716 ipsis
493 636 632 698 lihrorum
653 637 749 700 titulis
766 648 900 703 testatum
923 643 977 717 sit,
1003 641 1130 721 scriptos

125 726 236 790 eosde
259 730 328 784 crte
350 721 525 791 rhetoricm
547 718 654 782 cicero
674 737 747 783 vero
769 726 869 802 stiam,
890 742 965 805 qnae
980 726 1132 788 rhetorice

122 816 267 883 vocetur,
296 823 364 866 esse
386 805 585 884 artificiosum
607 807 809 886 eloquentiam
835 810 920 870 dicat.
966 808 1051 884 Quod
1074 827 1132 871 non

125 902 261 956 oratores
277 899 384 951 tantum
402 891 597 974 vindicamnt,
620 899 651 950 ut
671 892 774 953 studiis
796 893 904 972 aliquid
926 895 986 954 suis
1008 897 1131 972 praesti-

124 978 198 1041 tisse
220 975 386 1060 videantur,
410 974 463 1036 sed
485 991 549 1035 cum
561 967 613 1034 his
635 974 783 1055 philosphi
807 986 836 1037 et
851 977 944 1039 Stoici
970 981 999 1038 e‘t
1013 975 1131 1058 Peripa·
1165 1037 1167 1045 2

125 1062 207 1123 tetici
224 1061 358 1140 plerique
380 1061 593 1119 consentiunt.
607 1058 658 1121 Ac
676 1076 722 1120 me
745 1059 893 1123 dubitasse
917 1062 1075 1138 confiteor,
1098 1073 1158 1125 ιιι

123 1147 199 1208 hano
217 1153 329 1224 partem
352 1144 531 1223 quaestionis
551 1143 729 1213 tractandam
746 1151 891 1223 putarem:
913 1161 988 1206 nam
1001 1148 1064 1223 quis
1086 1154 1133 1206 est

124 1231 200 1293 adeo
216 1246 274 1291 non
295 1228 331 1288 ab
351 1228 514 1290 eruditione
535 1227 621 1288 modo
644 1226 697 1287 sed
720 1244 837 1288 asensn
853 1239 981 1290 remotus
995 1227 1131 1328 hominis,

124 1323 156 1376 ut
170 1313 331 1376 fabricandi
351 1312 467 1391 quidem
481 1321 511 1372 et
527 1312 647 1373 texendi
664 1321 693 1372 et
708 1330 725 1371 e
740 1312 802 1374 lutc
818 1330 888 1374 vasa
904 1295 1027 1374 ducen'di
1041 1322 1134 1374 artem

125 1408 225 1479 putet,
255 1397 424 1458 rhetoricen
449 1405 560 1496 autem,
589 1397 741 1457 maximum
767 1413 803 1458 ac
832 1395 1085 1476 pulcherrimum,
1102 1407 1134 1458 ut

125 1499 214 1562 supra
242 1479 381 1556 diximus,
412 1495 503 1558 opus,
529 1482 558 1539 in
583 1490 640 1540 tam
667 1479 790 1542 sublime
812 1482 960 1561 fastigium
986 1484 1135 1542 existimet

125 1568 189 1629 sine
206 1574 268 1626 arte
283 1559 423 1626 venissel
454 1561 597 1642 Equidem
609 1564 695 1640 illos,
719 1567 768 1643 qui
784 1575 885 1627 contra
901 1563 1133 1645 disputavemnt,
1143 1570 1160 1621 4

124 1669 183 1712 non
198 1659 256 1711 tam
268 1641 300 1710 id
319 1650 464 1734 sensisse,
489 1648 567 1726 quod
582 1647 729 1725 dicerent,
753 1667 837 1728 quam
851 1668 996 1711 exercere
1018 1653 1134 1729 ingenia

125 1737 264 1796 materiae
281 1727 452 1794 diiiiculta'te
477 1732 567 1794 credo
583 1732 732 1809 voluisse,
755 1736 830 1794 sicut
852 1733 1046 1811 Polycraten,
1069 1753 1134 1794 cum

125 1803 286 1881 Busiridem
307 1818 438 1879 laudaret
460 1826 490 1876 et
513 1815 786 1893 Clytaemnestram
811 1833 972 1898 quanquam
991 1821 1032 1894 is,
1056 1819 1134 1898 quod

124 1904 170 1964 his
189 1902 328 1964 dissimile
344 1919 401 1962 non
425 1909 486 1977 ιιι,
510 1903 712 1980 composuisse
733 1903 910 1976 orationem,
935 1918 1010 1979 quae
1026 1911 1071 1962 est
1084 1900 1133 1962 ha·

125 1987 185 2049 hita
204 1993 305 2048 ιοιιιι
322 1987 481 2061 Socraten,
503 1984 617 2046 dicitur.

212 2070 334 2144 Quidam
356 2068 563 2156 naturalem
586 2085 654 2129 esse
676 2068 844 2130 rhetoricen
865 2070 968 2132 volunt
988 2079 1018 2130 et
1039 2078 1158 2130 tumens

125 2156 255 2219 adiuvari
277 2147 500 2216 exercitatione
509 2168 566 2213 uon
590 2152 765 2230 diffitentur,
784 2162 816 2214 nt
836 2149 965 2216 inlibris
981 2152 1133 2216 Ciceronis

125 2243 162 2303 de
177 2239 302 2301 Oratore
317 2238 386 2300 dicit
401 2238 562 2314 Antonius,
576 2197 820 2301 clamatoriam
835 2239 978 2317 quandam
994 2257 1062 2300 esse
1077 2257 1135 2300 ιιι

125 2335 226 2388 artem.
263 2323 349 2398 Quod
371 2339 431 2383 non
450 2313 533 2399 ideo,
555 2330 586 2382 ut
607 2339 662 2401 pro
682 2339 755 2383 vero
774 2324 967 2402 accipiamus,
990 2333 1036 2384 est
1056 2325 1160 2422 posi-6

125 2419 201 2476 tum;
224 2407 277 2467 sed
293 2416 324 2467 ut
339 2406 458 2466 Antonii
472 2424 600 2507 persona
614 2416 778 2482 servetur,
786 2409 834 2486 qui
850 2405 1049 2468 dissimulator¹
1064 2409 1134 2467 artis

126 2494 190 2555 init.
227 2489 309 2551 llanc
322 2499 418 2551 autem
433 2491 599 2569 opinionem
612 2490 749 2551 hahuisse
765 2490 867 2567 Lysias
882 2493 1006 2552 videtur.
1046 2489 1134 2551 Cuius

127 2577 291 2638 sententiae
305 2573 371 2635 talis
386 2573 518 2635 defensio
535 2583 591 2650 est,
608 2575 687 2653 quod
700 2574 809 2634 indocti
824 2583 854 2634 et
868 2574 984 2635 herhari
1000 2583 1030 2635 et
1044 2575 1133 2649 servi,

129 2678 184 2742 pro
206 2679 240 2721 ιι
256 2676 320 2720 cum
335 2658 507 2738 loquuntur,
531 2657 639 2737 aliquid
659 2658 755 2719 dicant
771 2657 865 2718 simile
885 2658 1047 2737 principio,
1070 2675 1134 2717 uar-

128 2755 209 2822 rent,
232 2743 374 2825 probent,
397 2742 540 2818 refutent,
564 2751 594 2802 et
614 2742 717 2821 (quod
731 2743 788 2801 vim
808 2740 914 2804 haheat
934 2741 1060 2821 epilogi)
1084 2741 1134 2802 de-

128 2839 295 2911 precentur.
346 2826 461 2889 Deinde
487 2826 624 2887 adiiciunt
650 2825 716 2886 illas
740 2823 896 2886 verborum
923 2827 1160 2903 cavillationem?

127 2914 215 2992 nihil,
238 2912 315 2993 quod
332 2931 370 2973 ex
385 2921 449 2973 arte
464 2911 530 2988 ilat,
551 2919 617 2973 ante
632 2919 723 2970 artern
735 2903 840 2979 fuisse;
864 2913 942 3012 atqui
957 2910 1066 2972 dixisse
1082 2910 1134 2971 ho·

127 3001 220 3058 mines
235 3014 290 3078 ιιι
308 3015 342 3057 ιι
358 2997 413 3057 ιι·
404 3015 432 3057 ιι
447 2995 522 3057 alios
540 3013 674 3075 semper,
697 2994 836 3057 doctores
855 2997 925 3056 artis
943 3013 1012 3056 sero
1034 2999 1135 3057 iamet

130 3083 210 3142 circa
231 3081 328 3141 Tisian
355 3089 384 3141 et
408 3077 522 3164 Gapaca
542 3081 663 3159 primurn
683 3089 836 3158 repertos,
865 3081 1027 3141 orationem
1046 3080 1134 3156 igitur

128 3173 195 3226 ante
212 3172 302 3224 artem
317 3165 409 3225 fuisse
425 3182 522 3243 eoque
537 3173 628 3225 artern
642 3179 701 3224 non
715 3182 793 3226 esse
821 3162 884 3224 Nos
899 3181 1005 3243 porro,
1021 3162 1161 3241 ιιιιιιιοε

130 3249 264 3329 coeperit
278 3247 363 3308 huius
376 3267 421 3309 rer
414 3248 584 3326 doctrina,
600 3265 658 3308 non
673 3247 837 3309 laboramus
854 3248 1026 3325 exquirere;
1044 3262 1131 3323 quan-

129 3352 214 3415 quam
229 3331 304 3412 apud
318 3330 473 3392 Homerum
489 3341 518 3393 et
533 3341 756 3412 praeceptorem
766 3331 941 3393 Phoenicem
952 3346 1016 3389 cum
1027 3329 1133 3407 agendi

127 3428 187 3480 tum
208 3419 296 3479 etiam
304 3415 449 3519 loquendi
468 3425 497 3476 et
518 3426 651 3479 oratores
666 3417 766 3495 plures
781 3423 812 3474 et
831 3430 917 3474 omne
932 3415 961 3473 ιι
975 3413 1066 3475 trihus
1081 3414 1132 3475 du·

127 3501 210 3564 cibus
238 3501 377 3564 orationis
402 3517 496 3581 genus
523 3509 553 3562 et
576 3501 731 3562 certamina
756 3513 873 3578 quoque
896 3500 1049 3580 proposita
1071 3497 1132 3559 elc-

1270 3613 1297 3692 ι
