<?xml version="1.0" encoding="UTF-8"?>
<!DOCTYPE html PUBLIC "-//W3C//DTD XHTML 1.0 Transitional//EN"
    "http://www.w3.org/TR/xhtml1/DTD/xhtml1-transitional.dtd">
<html xmlns="http://www.w3.org/1999/xhtml" xml:lang="en" lang="en">
 <head>
  <title>
</title>
<meta http-equiv="Content-Type" content="text/html;charset=utf-8" />
  <meta name='ocr-system' content='tesseract 3.04.00' />
  <meta name='ocr-capabilities' content='ocr_page ocr_carea ocr_par ocr_line ocrx_word'/>
</head>
<body>
  <div class='ocr_page' id='page_1' title='image "./mfabiiquintilia19quingoog_0138.png"; bbox 0 0 2608 3948; ppageno 0'>
   <div class='ocr_carea' id='block_1_1' title="bbox 383 220 1105 302">
    <p class='ocr_par' dir='ltr' id='par_1_1' title="bbox 383 220 1105 302">
     <span class='ocr_line' id='line_1_1' title="bbox 383 220 1105 302; baseline 0.008 -20"><span class='ocrx_word' id='word_1_1' title='bbox 383 220 827 302; x_wconf 81' lang='lat' dir='ltr'><strong>msu.onnuon.nra.111‚e.</strong></span> <span class='ocrx_word' id='word_1_2' title='bbox 1047 227 1105 288; x_wconf 78' lang='lat'><strong>115</strong></span> 
     </span>
    </p>
   </div>
   <div class='ocr_carea' id='block_1_2' title="bbox 42 385 1190 3386">
    <p class='ocr_par' dir='ltr' id='par_1_2' title="bbox 42 385 1190 3386">
     <span class='ocr_line' id='line_1_2' title="bbox 106 385 1105 463; baseline -0.003 -8"><span class='ocrx_word' id='word_1_3' title='bbox 106 404 169 458; x_wconf 78' lang='lat' dir='ltr'><strong>ates</strong></span> <span class='ocrx_word' id='word_1_4' title='bbox 179 399 364 454; x_wconf 73' lang='lat' dir='ltr'><strong>commater.-</strong></span> <span class='ocrx_word' id='word_1_5' title='bbox 380 387 483 463; x_wconf 88' lang='lat' dir='ltr'><strong>thesis,</strong></span> <span class='ocrx_word' id='word_1_6' title='bbox 496 385 544 448; x_wconf 81' lang='lat' dir='ltr'><strong>Aa</strong></span> <span class='ocrx_word' id='word_1_7' title='bbox 558 385 681 450; x_wconf 77' lang='lat' dir='ltr'><strong>Orestae</strong></span> <span class='ocrx_word' id='word_1_8' title='bbox 691 397 776 451; x_wconf 86' lang='lat' dir='ltr'><strong>reete</strong></span> <span class='ocrx_word' id='word_1_9' title='bbox 785 392 826 453; x_wconf 83' lang='lat' dir='ltr'><strong>cit</strong></span> <span class='ocrx_word' id='word_1_10' title='bbox 836 390 1011 462; x_wconf 77' lang='lat' dir='ltr'><strong>obsoletae,-</strong></span> <span class='ocrx_word' id='word_1_11' title='bbox 1024 394 1105 454; x_wconf 91' lang='lat' dir='ltr'><strong>cuius</strong></span> 
     </span>
     <span class='ocr_line' id='line_1_3' title="bbox 107 469 1104 555; baseline 0.002 -19"><span class='ocrx_word' id='word_1_12' title='bbox 107 477 223 555; x_wconf 85' lang='lat' dir='ltr'><strong>generis</strong></span> <span class='ocrx_word' id='word_1_13' title='bbox 240 483 301 550; x_wconf 90' lang='lat' dir='ltr'><strong>est,</strong></span> <span class='ocrx_word' id='word_1_14' title='bbox 322 469 372 534; x_wconf 79' lang='lat' dir='ltr'><strong>Aa</strong></span> <span class='ocrx_word' id='word_1_15' title='bbox 391 470 467 534; x_wconf 82' lang='lat' dir='ltr'><strong>Cato</strong></span> <span class='ocrx_word' id='word_1_16' title='bbox 483 481 567 534; x_wconf 88' lang='lat' dir='ltr'><strong>recte</strong></span> <span class='ocrx_word' id='word_1_17' title='bbox 581 469 736 534; x_wconf 85' lang='lat' dir='ltr'><strong>Marciam</strong></span> <span class='ocrx_word' id='word_1_18' title='bbox 750 470 914 538; x_wconf 79' lang='lat' dir='ltr'><strong>Hortensio</strong></span> <span class='ocrx_word' id='word_1_19' title='bbox 930 475 1104 539; x_wconf 71' lang='lat' dir='ltr'><strong>tradiderit.</strong></span> 
     </span>
     <span class='ocr_line' id='line_1_4' title="bbox 105 555 1105 638; baseline -0.002 -17"><span class='ocrx_word' id='word_1_20' title='bbox 105 561 141 621; x_wconf 89' lang='lat' dir='ltr'><strong>Hi</strong></span> <span class='ocrx_word' id='word_1_21' title='bbox 157 560 253 620; x_wconf 89' lang='lat' dir='ltr'><strong>thesin</strong></span> <span class='ocrx_word' id='word_1_22' title='bbox 267 576 284 618; x_wconf 94' lang='lat' dir='ltr'><strong>a</strong></span> <span class='ocrx_word' id='word_1_23' title='bbox 302 573 390 618; x_wconf 90' lang='lat' dir='ltr'><strong>cansa</strong></span> <span class='ocrx_word' id='word_1_24' title='bbox 406 557 450 615; x_wconf 89' lang='lat' dir='ltr'><strong>sio</strong></span> <span class='ocrx_word' id='word_1_25' title='bbox 465 556 658 632; x_wconf 87' lang='lat' dir='ltr'><strong>distinguunt,</strong></span> <span class='ocrx_word' id='word_1_26' title='bbox 676 563 707 615; x_wconf 92' lang='lat' dir='ltr'><strong>nt</strong></span> <span class='ocrx_word' id='word_1_27' title='bbox 722 555 773 616; x_wconf 92' lang='lat' dir='ltr'><strong>illa</strong></span> <span class='ocrx_word' id='word_1_28' title='bbox 791 558 830 618; x_wconf 90' lang='lat' dir='ltr'><strong>sit</strong></span> <span class='ocrx_word' id='word_1_29' title='bbox 844 560 1024 637; x_wconf 68' lang='lat' dir='ltr'><strong>spectativae</strong></span> <span class='ocrx_word' id='word_1_30' title='bbox 1040 577 1105 638; x_wconf 89' lang='lat' dir='ltr'><strong>par·</strong></span> 
     </span>
     <span class='ocr_line' id='line_1_5' title="bbox 105 637 1105 722; baseline -0.003 -17"><span class='ocrx_word' id='word_1_31' title='bbox 105 647 159 720; x_wconf 87' lang='lat' dir='ltr'><strong>tis,</strong></span> <span class='ocrx_word' id='word_1_32' title='bbox 176 643 252 704; x_wconf 89' lang='lat' dir='ltr'><strong>haec</strong></span> <span class='ocrx_word' id='word_1_33' title='bbox 268 639 397 707; x_wconf 66' lang='lat' dir='ltr'><strong>activam</strong></span> <span class='ocrx_word' id='word_1_34' title='bbox 414 637 475 698; x_wconf 92' lang='lat' dir='ltr'><strong>illic</strong></span> <span class='ocrx_word' id='word_1_35' title='bbox 491 640 565 698; x_wconf 90' lang='lat' dir='ltr'><strong>enim</strong></span> <span class='ocrx_word' id='word_1_36' title='bbox 577 639 707 698; x_wconf 89' lang='lat' dir='ltr'><strong>veritatis</strong></span> <span class='ocrx_word' id='word_1_37' title='bbox 723 648 831 702; x_wconf 89' lang='lat' dir='ltr'><strong>tantum</strong></span> <span class='ocrx_word' id='word_1_38' title='bbox 845 643 939 719; x_wconf 87' lang='lat' dir='ltr'><strong>gratia</strong></span> <span class='ocrx_word' id='word_1_39' title='bbox 955 643 1105 722; x_wconf 88' lang='lat' dir='ltr'><strong>disputari,</strong></span> 
     </span>
     <span class='ocr_line' id='line_1_6' title="bbox 42 723 1064 804; baseline -0.006 -20"><span class='ocrx_word' id='word_1_40' title='bbox 42 781 44 784; x_wconf 84' lang='lat'>.</span> <span class='ocrx_word' id='word_1_41' title='bbox 105 729 154 790; x_wconf 89' lang='lat' dir='ltr'><strong>hic</strong></span> <span class='ocrx_word' id='word_1_42' title='bbox 167 727 317 804; x_wconf 87' lang='lat' dir='ltr'><strong>negotium</strong></span> <span class='ocrx_word' id='word_1_43' title='bbox 333 723 391 800; x_wconf 84' lang='lat' dir='ltr'><strong>agi.</strong></span> <span class='ocrx_word' id='word_1_44' title='bbox 1063 785 1064 788; x_wconf 8' lang='grc' dir='ltr'><strong>Ἴ</strong></span> 
     </span>
     <span class='ocr_line' id='line_1_7' title="bbox 193 803 1150 890; baseline 0 -22"><span class='ocrx_word' id='word_1_45' title='bbox 193 809 363 886; x_wconf 76' lang='lat' dir='ltr'><strong>Quanquam</strong></span> <span class='ocrx_word' id='word_1_46' title='bbox 387 803 503 866; x_wconf 88' lang='lat' dir='ltr'><strong>inutiles</strong></span> <span class='ocrx_word' id='word_1_47' title='bbox 531 807 645 884; x_wconf 90' lang='lat' dir='ltr'><strong>quidam</strong></span> <span class='ocrx_word' id='word_1_48' title='bbox 667 811 776 870; x_wconf 87' lang='lat' dir='ltr'><strong>oratori</strong></span> <span class='ocrx_word' id='word_1_49' title='bbox 797 817 897 890; x_wconf 86' lang='lat' dir='ltr'><strong>putant</strong></span> <span class='ocrx_word' id='word_1_50' title='bbox 924 808 1106 870; x_wconf 86' lang='lat' dir='ltr'><strong>universales</strong></span> <span class='ocrx_word' id='word_1_51' title='bbox 1116 824 1150 876; x_wconf 70' lang='lat'><strong>12</strong></span> 
     </span>
     <span class='ocr_line' id='line_1_8' title="bbox 107 887 1107 973; baseline 0.002 -21"><span class='ocrx_word' id='word_1_52' title='bbox 107 893 313 973; x_wconf 73' lang='lat' dir='ltr'><strong>quaestiones,</strong></span> <span class='ocrx_word' id='word_1_53' title='bbox 342 890 409 968; x_wconf 89' lang='lat' dir='ltr'><strong>qnia</strong></span> <span class='ocrx_word' id='word_1_54' title='bbox 434 887 504 950; x_wconf 84' lang='lat' dir='ltr'>nihil</span> <span class='ocrx_word' id='word_1_55' title='bbox 532 893 642 969; x_wconf 90' lang='lat' dir='ltr'><strong>prosit,</strong></span> <span class='ocrx_word' id='word_1_56' title='bbox 672 894 749 972; x_wconf 94' lang='lat' dir='ltr'><strong>quod</strong></span> <span class='ocrx_word' id='word_1_57' title='bbox 773 901 902 969; x_wconf 88' lang='lat' dir='ltr'><strong>constet,</strong></span> <span class='ocrx_word' id='word_1_58' title='bbox 932 893 1107 956; x_wconf 82' lang='lat' dir='ltr'><strong>ducendam</strong></span> 
     </span>
     <span class='ocr_line' id='line_1_9' title="bbox 107 972 1106 1057; baseline -0.003 -18"><span class='ocrx_word' id='word_1_59' title='bbox 107 994 175 1040; x_wconf 80' lang='lat' dir='ltr'><strong>esce</strong></span> <span class='ocrx_word' id='word_1_60' title='bbox 201 993 327 1038; x_wconf 78' lang='lat' dir='ltr'><strong>acorem</strong></span> <span class='ocrx_word' id='word_1_61' title='bbox 348 972 398 1035; x_wconf 84' lang='lat' dir='ltr'><strong>vel</strong></span> <span class='ocrx_word' id='word_1_62' title='bbox 424 973 704 1040; x_wconf 72' lang='lat' dir='ltr'><strong>administrandam</strong></span> <span class='ocrx_word' id='word_1_63' title='bbox 726 977 962 1057; x_wconf 73' lang='lat' dir='ltr'><strong>rempublicam,</strong></span> <span class='ocrx_word' id='word_1_64' title='bbox 991 979 1016 1037; x_wconf 91' lang='lat' dir='ltr'><strong>si</strong></span> <span class='ocrx_word' id='word_1_65' title='bbox 1042 978 1106 1055; x_wconf 90' lang='lat' dir='ltr'><strong>quis</strong></span> 
     </span>
     <span class='ocr_line' id='line_1_10' title="bbox 106 1057 1106 1138; baseline 0 -19"><span class='ocrx_word' id='word_1_66' title='bbox 106 1059 156 1121; x_wconf 88' lang='lat' dir='ltr'><strong>vel</strong></span> <span class='ocrx_word' id='word_1_67' title='bbox 171 1068 267 1122; x_wconf 87' lang='lat' dir='ltr'><strong>aetate</strong></span> <span class='ocrx_word' id='word_1_68' title='bbox 281 1057 331 1119; x_wconf 86' lang='lat' dir='ltr'><strong>vel</strong></span> <span class='ocrx_word' id='word_1_69' title='bbox 344 1057 510 1118; x_wconf 86' lang='lat' dir='ltr'><strong>valetudine</strong></span> <span class='ocrx_word' id='word_1_70' title='bbox 525 1059 705 1138; x_wconf 83' lang='lat' dir='ltr'><strong>impediatur.</strong></span> <span class='ocrx_word' id='word_1_71' title='bbox 737 1061 796 1122; x_wconf 90' lang='lat' dir='ltr'><strong>Sed</strong></span> <span class='ocrx_word' id='word_1_72' title='bbox 809 1077 868 1122; x_wconf 88' lang='lat' dir='ltr'><strong>non</strong></span> <span class='ocrx_word' id='word_1_73' title='bbox 884 1059 1015 1122; x_wconf 89' lang='lat' dir='ltr'><strong>omnibus</strong></span> <span class='ocrx_word' id='word_1_74' title='bbox 1031 1061 1106 1120; x_wconf 90' lang='lat' dir='ltr'><strong>eius-</strong></span> 
     </span>
     <span class='ocr_line' id='line_1_11' title="bbox 106 1140 1108 1222; baseline 0 -16"><span class='ocrx_word' id='word_1_75' title='bbox 106 1144 184 1206; x_wconf 90' lang='lat' dir='ltr'><strong>modi</strong></span> <span class='ocrx_word' id='word_1_76' title='bbox 199 1140 417 1222; x_wconf 76' lang='lat' dir='ltr'><strong>quaestiouibus</strong></span> <span class='ocrx_word' id='word_1_77' title='bbox 435 1143 479 1202; x_wconf 89' lang='lat' dir='ltr'><strong>sic</strong></span> <span class='ocrx_word' id='word_1_78' title='bbox 494 1146 609 1203; x_wconf 87' lang='lat' dir='ltr'><strong>occurri</strong></span> <span class='ocrx_word' id='word_1_79' title='bbox 627 1152 751 1222; x_wconf 74' lang='lat' dir='ltr'><strong>potest,</strong></span> <span class='ocrx_word' id='word_1_80' title='bbox 765 1154 796 1204; x_wconf 89' lang='lat' dir='ltr'><strong>ut</strong></span> <span class='ocrx_word' id='word_1_81' title='bbox 815 1145 891 1220; x_wconf 85' lang='lat' dir='ltr'><strong>illis,</strong></span> <span class='ocrx_word' id='word_1_82' title='bbox 909 1146 988 1206; x_wconf 82' lang='lat' dir='ltr'><strong>citae</strong></span> <span class='ocrx_word' id='word_1_83' title='bbox 1009 1146 1108 1207; x_wconf 78' lang='lat' dir='ltr'><strong>cirtae</strong></span> 
     </span>
     <span class='ocr_line' id='line_1_12' title="bbox 103 1226 1150 1308; baseline 0.003 -20"><span class='ocrx_word' id='word_1_84' title='bbox 103 1229 387 1308; x_wconf 75' lang='lat' dir='ltr'><strong>fimiatregatttroc</strong></span> <span class='ocrx_word' id='word_1_85' title='bbox 405 1226 604 1305; x_wconf 77' lang='lat' dir='ltr'><strong>providentia</strong></span> <span class='ocrx_word' id='word_1_86' title='bbox 622 1229 778 1291; x_wconf 79' lang='lat' dir='ltr'><strong>mandari</strong></span> <span class='ocrx_word' id='word_1_87' title='bbox 808 1226 883 1302; x_wconf 81' lang='lat' dir='ltr'><strong>Quin</strong></span> <span class='ocrx_word' id='word_1_88' title='bbox 907 1228 992 1288; x_wconf 89' lang='lat' dir='ltr'><strong>etiam</strong></span> <span class='ocrx_word' id='word_1_89' title='bbox 1007 1228 1036 1287; x_wconf 88' lang='lat' dir='ltr'><strong>in</strong></span> <span class='ocrx_word' id='word_1_90' title='bbox 1050 1227 1106 1305; x_wconf 78' lang='lat' dir='ltr'><strong>luis,</strong></span> <span class='ocrx_word' id='word_1_91' title='bbox 1116 1235 1150 1290; x_wconf 85' lang='lat'><strong>13</strong></span> 
     </span>
     <span class='ocr_line' id='line_1_13' title="bbox 106 1309 1108 1392; baseline -0.003 -19"><span class='ocrx_word' id='word_1_92' title='bbox 106 1329 181 1392; x_wconf 90' lang='lat' dir='ltr'><strong>quae</strong></span> <span class='ocrx_word' id='word_1_93' title='bbox 203 1309 238 1372; x_wconf 87' lang='lat' dir='ltr'><strong>ad</strong></span> <span class='ocrx_word' id='word_1_94' title='bbox 261 1327 417 1390; x_wconf 89' lang='lat' dir='ltr'><strong>personam</strong></span> <span class='ocrx_word' id='word_1_95' title='bbox 439 1309 620 1387; x_wconf 80' lang='lat' dir='ltr'><strong>referuntur,</strong></span> <span class='ocrx_word' id='word_1_96' title='bbox 648 1319 755 1372; x_wconf 91' lang='lat' dir='ltr'><strong>utnon</strong></span> <span class='ocrx_word' id='word_1_97' title='bbox 776 1319 823 1372; x_wconf 90' lang='lat' dir='ltr'><strong>est</strong></span> <span class='ocrx_word' id='word_1_98' title='bbox 845 1314 915 1372; x_wconf 88' lang='lat' dir='ltr'><strong>satis</strong></span> <span class='ocrx_word' id='word_1_99' title='bbox 938 1311 1108 1388; x_wconf 77' lang='lat' dir='ltr'><strong>generalem</strong></span> 
     </span>
     <span class='ocr_line' id='line_1_14' title="bbox 105 1394 1107 1475; baseline -0.001 -20"><span class='ocrx_word' id='word_1_100' title='bbox 105 1404 250 1456; x_wconf 79' lang='lat' dir='ltr'><strong>tractasse</strong></span> <span class='ocrx_word' id='word_1_101' title='bbox 278 1394 493 1472; x_wconf 90' lang='lat' dir='ltr'><strong>quaestionem,</strong></span> <span class='ocrx_word' id='word_1_102' title='bbox 522 1395 562 1454; x_wconf 87' lang='lat' dir='ltr'><strong>ita</strong></span> <span class='ocrx_word' id='word_1_103' title='bbox 587 1397 734 1473; x_wconf 85' lang='lat' dir='ltr'><strong>perveniri</strong></span> <span class='ocrx_word' id='word_1_104' title='bbox 760 1395 796 1456; x_wconf 89' lang='lat' dir='ltr'><strong>ad</strong></span> <span class='ocrx_word' id='word_1_105' title='bbox 821 1396 951 1475; x_wconf 87' lang='lat' dir='ltr'><strong>speciem</strong></span> <span class='ocrx_word' id='word_1_106' title='bbox 977 1395 1032 1454; x_wconf 91' lang='lat' dir='ltr'><strong>uisi</strong></span> <span class='ocrx_word' id='word_1_107' title='bbox 1057 1395 1107 1454; x_wconf 91' lang='lat' dir='ltr'><strong>illa</strong></span> 
     </span>
     <span class='ocr_line' id='line_1_15' title="bbox 106 1476 1108 1558; baseline 0.002 -20"><span class='ocrx_word' id='word_1_108' title='bbox 106 1481 186 1558; x_wconf 87' lang='lat' dir='ltr'><strong>prius</strong></span> <span class='ocrx_word' id='word_1_109' title='bbox 210 1494 334 1540; x_wconf 83' lang='lat' dir='ltr'><strong>excussa</strong></span> <span class='ocrx_word' id='word_1_110' title='bbox 354 1492 413 1535; x_wconf 91' lang='lat' dir='ltr'><strong>uon</strong></span> <span class='ocrx_word' id='word_1_111' title='bbox 436 1484 543 1554; x_wconf 88' lang='lat' dir='ltr'><strong>potest.</strong></span> <span class='ocrx_word' id='word_1_112' title='bbox 589 1477 661 1539; x_wconf 90' lang='lat' dir='ltr'><strong>Nam</strong></span> <span class='ocrx_word' id='word_1_113' title='bbox 685 1479 847 1558; x_wconf 89' lang='lat' dir='ltr'><strong>quomodo,</strong></span> <span class='ocrx_word' id='word_1_114' title='bbox 875 1476 925 1541; x_wconf 83' lang='lat' dir='ltr'><strong>Aa</strong></span> <span class='ocrx_word' id='word_1_115' title='bbox 945 1479 1006 1542; x_wconf 83' lang='lat' dir='ltr'><strong>sibi</strong></span> <span class='ocrx_word' id='word_1_116' title='bbox 1026 1495 1108 1540; x_wconf 81' lang='lat' dir='ltr'><strong>acor</strong></span> 
     </span>
     <span class='ocr_line' id='line_1_16' title="bbox 106 1557 1107 1640; baseline -0.002 -15"><span class='ocrx_word' id='word_1_117' title='bbox 106 1563 253 1626; x_wconf 77' lang='lat' dir='ltr'><strong>ducenda</strong></span> <span class='ocrx_word' id='word_1_118' title='bbox 267 1562 322 1637; x_wconf 83' lang='lat' dir='ltr'><strong>cit,</strong></span> <span class='ocrx_word' id='word_1_119' title='bbox 338 1558 513 1621; x_wconf 87' lang='lat' dir='ltr'><strong>deliberabit</strong></span> <span class='ocrx_word' id='word_1_120' title='bbox 530 1557 618 1637; x_wconf 81' lang='lat' dir='ltr'><strong>(lato,</strong></span> <span class='ocrx_word' id='word_1_121' title='bbox 637 1564 691 1622; x_wconf 87' lang='lat' dir='ltr'><strong>nisi</strong></span> <span class='ocrx_word' id='word_1_122' title='bbox 709 1565 887 1640; x_wconf 89' lang='lat' dir='ltr'><strong>constiterit,</strong></span> <span class='ocrx_word' id='word_1_123' title='bbox 907 1580 1022 1626; x_wconf 77' lang='lat' dir='ltr'><strong>amores</strong></span> <span class='ocrx_word' id='word_1_124' title='bbox 1041 1579 1107 1624; x_wconf 83' lang='lat' dir='ltr'><strong>ease</strong></span> 
     </span>
     <span class='ocr_line' id='line_1_17' title="bbox 106 1643 1107 1723; baseline -0.001 -16"><span class='ocrx_word' id='word_1_125' title='bbox 106 1646 293 1709; x_wconf 75' lang='lat' dir='ltr'><strong>ducendae?</strong></span> <span class='ocrx_word' id='word_1_126' title='bbox 335 1643 372 1704; x_wconf 84' lang='lat' dir='ltr'><strong>Et</strong></span> <span class='ocrx_word' id='word_1_127' title='bbox 398 1644 563 1723; x_wconf 85' lang='lat' dir='ltr'><strong>quomodo,</strong></span> <span class='ocrx_word' id='word_1_128' title='bbox 589 1645 643 1706; x_wconf 83' lang='lat' dir='ltr'><strong>Am</strong></span> <span class='ocrx_word' id='word_1_129' title='bbox 668 1647 784 1710; x_wconf 83' lang='lat' dir='ltr'><strong>ducere</strong></span> <span class='ocrx_word' id='word_1_130' title='bbox 811 1647 919 1709; x_wconf 83' lang='lat' dir='ltr'><strong>debeat</strong></span> <span class='ocrx_word' id='word_1_131' title='bbox 940 1644 1107 1722; x_wconf 75' lang='lat' dir='ltr'><strong>Marciam,</strong></span> 
     </span>
     <span class='ocr_line' id='line_1_18' title="bbox 107 1725 1153 1809; baseline -0.005 -18"><span class='ocrx_word' id='word_1_132' title='bbox 107 1739 280 1809; x_wconf 84' lang='lat' dir='ltr'><strong>quaeretur,</strong></span> <span class='ocrx_word' id='word_1_133' title='bbox 299 1729 354 1790; x_wconf 91' lang='lat' dir='ltr'><strong>nisi</strong></span> <span class='ocrx_word' id='word_1_134' title='bbox 371 1725 480 1790; x_wconf 77' lang='lat' dir='ltr'><strong>Catoni</strong></span> <span class='ocrx_word' id='word_1_135' title='bbox 498 1728 645 1792; x_wconf 79' lang='lat' dir='ltr'><strong>ducenda</strong></span> <span class='ocrx_word' id='word_1_136' title='bbox 662 1748 744 1792; x_wconf 82' lang='lat' dir='ltr'><strong>eaor</strong></span> <span class='ocrx_word' id='word_1_137' title='bbox 765 1731 831 1792; x_wconf 75' lang='lat' dir='ltr'><strong>cst?</strong></span> <span class='ocrx_word' id='word_1_138' title='bbox 861 1729 933 1790; x_wconf 87' lang='lat' dir='ltr'><strong>Sunt</strong></span> <span class='ocrx_word' id='word_1_139' title='bbox 954 1729 1153 1790; x_wconf 80' lang='lat' dir='ltr'><strong>tamenin-14</strong></span> 
     </span>
     <span class='ocr_line' id='line_1_19' title="bbox 106 1810 1106 1893; baseline -0.005 -18"><span class='ocrx_word' id='word_1_140' title='bbox 106 1815 209 1893; x_wconf 89' lang='lat' dir='ltr'><strong>scripti</strong></span> <span class='ocrx_word' id='word_1_141' title='bbox 231 1815 347 1875; x_wconf 88' lang='lat' dir='ltr'><strong>nomine</strong></span> <span class='ocrx_word' id='word_1_142' title='bbox 361 1810 560 1890; x_wconf 75' lang='lat' dir='ltr'><strong>Hermagorae</strong></span> <span class='ocrx_word' id='word_1_143' title='bbox 583 1811 665 1888; x_wconf 89' lang='lat' dir='ltr'><strong>libri,</strong></span> <span class='ocrx_word' id='word_1_144' title='bbox 690 1815 738 1890; x_wconf 90' lang='lat' dir='ltr'><strong>qui</strong></span> <span class='ocrx_word' id='word_1_145' title='bbox 756 1813 924 1882; x_wconf 80' lang='lat' dir='ltr'><strong>confirmant</strong></span> <span class='ocrx_word' id='word_1_146' title='bbox 943 1811 1022 1872; x_wconf 91' lang='lat' dir='ltr'><strong>illam</strong></span> <span class='ocrx_word' id='word_1_147' title='bbox 1044 1812 1106 1890; x_wconf 91' lang='lat' dir='ltr'><strong>opi-</strong></span> 
     </span>
     <span class='ocr_line' id='line_1_20' title="bbox 105 1893 1107 1972; baseline -0.006 -13"><span class='ocrx_word' id='word_1_148' title='bbox 105 1899 238 1972; x_wconf 87' lang='lat' dir='ltr'><strong>nionem,</strong></span> <span class='ocrx_word' id='word_1_149' title='bbox 266 1898 330 1956; x_wconf 85' lang='lat' dir='ltr'><strong>sive</strong></span> <span class='ocrx_word' id='word_1_150' title='bbox 355 1895 446 1956; x_wconf 87' lang='lat' dir='ltr'><strong>ialsus</strong></span> <span class='ocrx_word' id='word_1_151' title='bbox 472 1903 519 1956; x_wconf 88' lang='lat' dir='ltr'><strong>est</strong></span> <span class='ocrx_word' id='word_1_152' title='bbox 539 1894 639 1955; x_wconf 88' lang='lat' dir='ltr'><strong>titulus</strong></span> <span class='ocrx_word' id='word_1_153' title='bbox 663 1897 725 1955; x_wconf 85' lang='lat' dir='ltr'><strong>sive</strong></span> <span class='ocrx_word' id='word_1_154' title='bbox 749 1897 823 1957; x_wconf 92' lang='lat' dir='ltr'><strong>alius</strong></span> <span class='ocrx_word' id='word_1_155' title='bbox 845 1894 893 1956; x_wconf 90' lang='lat' dir='ltr'><strong>hic</strong></span> <span class='ocrx_word' id='word_1_156' title='bbox 911 1893 1107 1971; x_wconf 77' lang='lat' dir='ltr'><strong>Hermagoras</strong></span> 
     </span>
     <span class='ocr_line' id='line_1_21' title="bbox 105 1977 1108 2059; baseline -0.006 -17"><span class='ocrx_word' id='word_1_157' title='bbox 105 1981 168 2042; x_wconf 86' lang='lat' dir='ltr'><strong>luit.</strong></span> <span class='ocrx_word' id='word_1_158' title='bbox 207 1978 281 2042; x_wconf 84' lang='lat' dir='ltr'><strong>Nam</strong></span> <span class='ocrx_word' id='word_1_159' title='bbox 299 1979 428 2041; x_wconf 89' lang='lat' dir='ltr'><strong>eiusdem</strong></span> <span class='ocrx_word' id='word_1_160' title='bbox 444 1996 512 2038; x_wconf 90' lang='lat' dir='ltr'><strong>esse</strong></span> <span class='ocrx_word' id='word_1_161' title='bbox 528 1978 674 2058; x_wconf 89' lang='lat' dir='ltr'><strong>quomodo</strong></span> <span class='ocrx_word' id='word_1_162' title='bbox 692 1987 830 2059; x_wconf 89' lang='lat' dir='ltr'><strong>possunt,</strong></span> <span class='ocrx_word' id='word_1_163' title='bbox 855 1979 903 2058; x_wconf 90' lang='lat' dir='ltr'><strong>qni</strong></span> <span class='ocrx_word' id='word_1_164' title='bbox 921 1978 957 2039; x_wconf 91' lang='lat' dir='ltr'><strong>de</strong></span> <span class='ocrx_word' id='word_1_165' title='bbox 974 1977 1031 2038; x_wconf 86' lang='lat' dir='ltr'><strong>hac</strong></span> <span class='ocrx_word' id='word_1_166' title='bbox 1045 1985 1108 2038; x_wconf 90' lang='lat' dir='ltr'><strong>arte</strong></span> 
     </span>
     <span class='ocr_line' id='line_1_22' title="bbox 105 2058 1107 2141; baseline -0.007 -15"><span class='ocrx_word' id='word_1_167' title='bbox 105 2063 277 2128; x_wconf 88' lang='lat' dir='ltr'><strong>mirabiliter</strong></span> <span class='ocrx_word' id='word_1_168' title='bbox 296 2062 385 2125; x_wconf 88' lang='lat' dir='ltr'><strong>multa</strong></span> <span class='ocrx_word' id='word_1_169' title='bbox 410 2064 589 2141; x_wconf 88' lang='lat' dir='ltr'><strong>composuit,</strong></span> <span class='ocrx_word' id='word_1_170' title='bbox 613 2080 694 2140; x_wconf 89' lang='lat' dir='ltr'><strong>cum,</strong></span> <span class='ocrx_word' id='word_1_171' title='bbox 714 2065 789 2124; x_wconf 86' lang='lat' dir='ltr'><strong>sicut</strong></span> <span class='ocrx_word' id='word_1_172' title='bbox 810 2080 847 2123; x_wconf 83' lang='lat' dir='ltr'><strong>ex</strong></span> <span class='ocrx_word' id='word_1_173' title='bbox 868 2058 1021 2125; x_wconf 74' lang='lat' dir='ltr'><strong>ciceronis</strong></span> <span class='ocrx_word' id='word_1_174' title='bbox 1037 2077 1107 2139; x_wconf 92' lang='lat' dir='ltr'><strong>qno·</strong></span> 
     </span>
     <span class='ocr_line' id='line_1_23' title="bbox 106 2145 1108 2229; baseline -0.006 -19"><span class='ocrx_word' id='word_1_175' title='bbox 106 2167 164 2229; x_wconf 87' lang='lat' dir='ltr'><strong>que</strong></span> <span class='ocrx_word' id='word_1_176' title='bbox 178 2148 328 2210; x_wconf 83' lang='lat' dir='ltr'><strong>rhetorico</strong></span> <span class='ocrx_word' id='word_1_177' title='bbox 344 2148 438 2226; x_wconf 85' lang='lat' dir='ltr'><strong>primo</strong></span> <span class='ocrx_word' id='word_1_178' title='bbox 456 2146 638 2209; x_wconf 79' lang='lat' dir='ltr'><strong>manifestum</strong></span> <span class='ocrx_word' id='word_1_179' title='bbox 653 2156 714 2224; x_wconf 89' lang='lat' dir='ltr'><strong>est,</strong></span> <span class='ocrx_word' id='word_1_180' title='bbox 736 2148 884 2208; x_wconf 88' lang='lat' dir='ltr'><strong>materiam</strong></span> <span class='ocrx_word' id='word_1_181' title='bbox 899 2145 1063 2208; x_wconf 82' lang='lat' dir='ltr'><strong>rhetorices</strong></span> <span class='ocrx_word' id='word_1_182' title='bbox 1079 2145 1108 2205; x_wconf 92' lang='lat' dir='ltr'><strong>in</strong></span> 
     </span>
     <span class='ocr_line' id='line_1_24' title="bbox 105 2227 1108 2310; baseline -0.007 -15"><span class='ocrx_word' id='word_1_183' title='bbox 105 2234 197 2294; x_wconf 87' lang='lat' dir='ltr'><strong>thesis</strong></span> <span class='ocrx_word' id='word_1_184' title='bbox 224 2240 253 2293; x_wconf 90' lang='lat' dir='ltr'><strong>et</strong></span> <span class='ocrx_word' id='word_1_185' title='bbox 275 2248 379 2294; x_wconf 86' lang='lat' dir='ltr'><strong>causas</strong></span> <span class='ocrx_word' id='word_1_186' title='bbox 404 2227 557 2292; x_wconf 80' lang='lat' dir='ltr'><strong>diviserit?</strong></span> <span class='ocrx_word' id='word_1_187' title='bbox 600 2230 685 2305; x_wconf 82' lang='lat' dir='ltr'><strong>Quod</strong></span> <span class='ocrx_word' id='word_1_188' title='bbox 710 2229 898 2310; x_wconf 84' lang='lat' dir='ltr'><strong>reprehendit</strong></span> <span class='ocrx_word' id='word_1_189' title='bbox 920 2227 1043 2306; x_wconf 83' lang='lat' dir='ltr'><strong>Cicero,</strong></span> <span class='ocrx_word' id='word_1_190' title='bbox 1073 2243 1108 2288; x_wconf 90' lang='lat' dir='ltr'><strong>ac</strong></span> 
     </span>
     <span class='ocr_line' id='line_1_25' title="bbox 106 2312 1108 2393; baseline -0.006 -15"><span class='ocrx_word' id='word_1_191' title='bbox 106 2317 201 2378; x_wconf 88' lang='lat' dir='ltr'><strong>thesin</strong></span> <span class='ocrx_word' id='word_1_192' title='bbox 224 2313 294 2378; x_wconf 86' lang='lat' dir='ltr'><strong>nihil</strong></span> <span class='ocrx_word' id='word_1_193' title='bbox 315 2312 350 2377; x_wconf 90' lang='lat' dir='ltr'><strong>ad</strong></span> <span class='ocrx_word' id='word_1_194' title='bbox 371 2323 518 2376; x_wconf 89' lang='lat' dir='ltr'><strong>oratorem</strong></span> <span class='ocrx_word' id='word_1_195' title='bbox 540 2316 688 2393; x_wconf 89' lang='lat' dir='ltr'><strong>pertinere</strong></span> <span class='ocrx_word' id='word_1_196' title='bbox 714 2314 862 2376; x_wconf 88' lang='lat' dir='ltr'><strong>contendit</strong></span> <span class='ocrx_word' id='word_1_197' title='bbox 884 2322 1033 2391; x_wconf 86' lang='lat' dir='ltr'><strong>totumque</strong></span> <span class='ocrx_word' id='word_1_198' title='bbox 1050 2312 1108 2372; x_wconf 90' lang='lat' dir='ltr'><strong>hoc</strong></span> 
     </span>
     <span class='ocr_line' id='line_1_26' title="bbox 105 2396 1150 2480; baseline -0.005 -20"><span class='ocrx_word' id='word_1_199' title='bbox 105 2417 201 2480; x_wconf 82' lang='lat' dir='ltr'><strong>genus</strong></span> <span class='ocrx_word' id='word_1_200' title='bbox 219 2397 398 2477; x_wconf 89' lang='lat' dir='ltr'><strong>quaestionis</strong></span> <span class='ocrx_word' id='word_1_201' title='bbox 414 2398 450 2459; x_wconf 91' lang='lat' dir='ltr'><strong>ad</strong></span> <span class='ocrx_word' id='word_1_202' title='bbox 471 2397 663 2477; x_wconf 88' lang='lat' dir='ltr'><strong>philosophos</strong></span> <span class='ocrx_word' id='word_1_203' title='bbox 684 2398 785 2458; x_wconf 88' lang='lat' dir='ltr'><strong>rciert.</strong></span> <span class='ocrx_word' id='word_1_204' title='bbox 828 2396 887 2458; x_wconf 91' lang='lat' dir='ltr'><strong>Sed</strong></span> <span class='ocrx_word' id='word_1_205' title='bbox 909 2415 955 2456; x_wconf 89' lang='lat' dir='ltr'><strong>me</strong></span> <span class='ocrx_word' id='word_1_206' title='bbox 974 2396 1108 2457; x_wconf 88' lang='lat' dir='ltr'><strong>liberarit</strong></span> <span class='ocrx_word' id='word_1_207' title='bbox 1116 2401 1150 2454; x_wconf 78' lang='lat'><strong>15</strong></span> 
     </span>
     <span class='ocr_line' id='line_1_27' title="bbox 106 2478 1148 2561; baseline -0.005 -18"><span class='ocrx_word' id='word_1_208' title='bbox 106 2479 304 2561; x_wconf 88' lang='lat' dir='ltr'><strong>respondendi</strong></span> <span class='ocrx_word' id='word_1_209' title='bbox 325 2480 517 2558; x_wconf 85' lang='lat' dir='ltr'><strong>verecundia,</strong></span> <span class='ocrx_word' id='word_1_210' title='bbox 542 2491 571 2540; x_wconf 87' lang='lat' dir='ltr'><strong>et</strong></span> <span class='ocrx_word' id='word_1_211' title='bbox 586 2482 663 2559; x_wconf 93' lang='lat' dir='ltr'><strong>qnod</strong></span> <span class='ocrx_word' id='word_1_212' title='bbox 684 2482 750 2560; x_wconf 90' lang='lat' dir='ltr'><strong>ipse</strong></span> <span class='ocrx_word' id='word_1_213' title='bbox 768 2481 824 2542; x_wconf 90' lang='lat' dir='ltr'><strong>hos</strong></span> <span class='ocrx_word' id='word_1_214' title='bbox 839 2479 931 2540; x_wconf 88' lang='lat' dir='ltr'><strong>libros</strong></span> <span class='ocrx_word' id='word_1_215' title='bbox 953 2478 1106 2558; x_wconf 88' lang='lat' dir='ltr'><strong>improbat,</strong></span> <span class='ocrx_word' id='word_1_216' title='bbox 1144 2510 1148 2519; x_wconf 42' lang='grc' dir='ltr'><strong>ι</strong></span> 
     </span>
     <span class='ocr_line' id='line_1_28' title="bbox 106 2563 1109 2645; baseline -0.007 -17"><span class='ocrx_word' id='word_1_217' title='bbox 106 2576 136 2628; x_wconf 90' lang='lat' dir='ltr'><strong>at</strong></span> <span class='ocrx_word' id='word_1_218' title='bbox 153 2564 231 2645; x_wconf 92' lang='lat' dir='ltr'><strong>quod</strong></span> <span class='ocrx_word' id='word_1_219' title='bbox 252 2567 283 2626; x_wconf 93' lang='lat' dir='ltr'><strong>in</strong></span> <span class='ocrx_word' id='word_1_220' title='bbox 306 2572 423 2625; x_wconf 86' lang='lat' dir='ltr'><strong>oratore</strong></span> <span class='ocrx_word' id='word_1_221' title='bbox 444 2573 532 2643; x_wconf 87' lang='lat' dir='ltr'><strong>atque</strong></span> <span class='ocrx_word' id='word_1_222' title='bbox 552 2564 615 2640; x_wconf 90' lang='lat' dir='ltr'><strong>his,</strong></span> <span class='ocrx_word' id='word_1_223' title='bbox 640 2580 714 2642; x_wconf 91' lang='lat' dir='ltr'><strong>quos</strong></span> <span class='ocrx_word' id='word_1_224' title='bbox 730 2566 767 2626; x_wconf 92' lang='lat' dir='ltr'><strong>de</strong></span> <span class='ocrx_word' id='word_1_225' title='bbox 789 2571 907 2624; x_wconf 90' lang='lat' dir='ltr'><strong>oratore</strong></span> <span class='ocrx_word' id='word_1_226' title='bbox 923 2563 1056 2640; x_wconf 86' lang='lat' dir='ltr'><strong>scripsit,</strong></span> <span class='ocrx_word' id='word_1_227' title='bbox 1079 2569 1109 2622; x_wconf 91' lang='lat' dir='ltr'><strong>et</strong></span> 
     </span>
     <span class='ocr_line' id='line_1_29' title="bbox 106 2643 1108 2732; baseline -0.008 -20"><span class='ocrx_word' id='word_1_228' title='bbox 106 2651 226 2732; x_wconf 79' lang='lat' dir='ltr'><strong>Topicis</strong></span> <span class='ocrx_word' id='word_1_229' title='bbox 248 2649 410 2729; x_wconf 90' lang='lat' dir='ltr'><strong>praecipit,</strong></span> <span class='ocrx_word' id='word_1_230' title='bbox 429 2656 460 2708; x_wconf 91' lang='lat' dir='ltr'><strong>nt</strong></span> <span class='ocrx_word' id='word_1_231' title='bbox 481 2649 640 2727; x_wconf 89' lang='lat' dir='ltr'><strong>apropriis</strong></span> <span class='ocrx_word' id='word_1_232' title='bbox 661 2649 796 2726; x_wconf 90' lang='lat' dir='ltr'><strong>personis</strong></span> <span class='ocrx_word' id='word_1_233' title='bbox 819 2654 907 2725; x_wconf 88' lang='lat' dir='ltr'><strong>atquc</strong></span> <span class='ocrx_word' id='word_1_234' title='bbox 929 2643 1108 2723; x_wconf 90' lang='lat' dir='ltr'><strong>temporibus</strong></span> 
     </span>
     <span class='ocr_line' id='line_1_30' title="bbox 106 2728 1107 2810; baseline -0.006 -12"><span class='ocrx_word' id='word_1_235' title='bbox 106 2751 265 2798; x_wconf 83' lang='lat' dir='ltr'><strong>avocemus</strong></span> <span class='ocrx_word' id='word_1_236' title='bbox 287 2733 529 2794; x_wconf 83' lang='lat' dir='ltr'><strong>controversiam:</strong></span> <span class='ocrx_word' id='word_1_237' title='bbox 554 2732 628 2810; x_wconf 85' lang='lat' dir='ltr'><strong>qaia</strong></span> <span class='ocrx_word' id='word_1_238' title='bbox 645 2731 740 2794; x_wconf 77' lang='lat' dir='ltr'><strong>latim</strong></span> <span class='ocrx_word' id='word_1_239' title='bbox 757 2732 864 2793; x_wconf 81' lang='lat' dir='ltr'><strong>dicere</strong></span> <span class='ocrx_word' id='word_1_240' title='bbox 885 2730 978 2791; x_wconf 88' lang='lat' dir='ltr'><strong>liceat</strong></span> <span class='ocrx_word' id='word_1_241' title='bbox 999 2728 1037 2790; x_wconf 85' lang='lat' dir='ltr'><strong>de</strong></span> <span class='ocrx_word' id='word_1_242' title='bbox 1053 2748 1107 2808; x_wconf 79' lang='lat' dir='ltr'><strong>pe·</strong></span> 
     </span>
     <span class='ocr_line' id='line_1_31' title="bbox 105 2813 1106 2898; baseline -0.008 -16"><span class='ocrx_word' id='word_1_243' title='bbox 105 2839 181 2884; x_wconf 84' lang='lat' dir='ltr'><strong>mere</strong></span> <span class='ocrx_word' id='word_1_244' title='bbox 197 2835 291 2898; x_wconf 86' lang='lat' dir='ltr'><strong>qaam</strong></span> <span class='ocrx_word' id='word_1_245' title='bbox 305 2817 479 2898; x_wconf 71' lang='lat' dir='ltr'><strong>despecte,</strong></span> <span class='ocrx_word' id='word_1_246' title='bbox 502 2824 548 2892; x_wconf 85' lang='lat' dir='ltr'><strong>et,</strong></span> <span class='ocrx_word' id='word_1_247' title='bbox 573 2815 656 2893; x_wconf 83' lang='lat' dir='ltr'><strong>qaod</strong></span> <span class='ocrx_word' id='word_1_248' title='bbox 670 2815 704 2877; x_wconf 83' lang='lat' dir='ltr'><strong>in</strong></span> <span class='ocrx_word' id='word_1_249' title='bbox 718 2816 862 2878; x_wconf 81' lang='lat' dir='ltr'><strong>arsicerso</strong></span> <span class='ocrx_word' id='word_1_250' title='bbox 872 2813 1037 2893; x_wconf 83' lang='lat' dir='ltr'><strong>probatem</strong></span> <span class='ocrx_word' id='word_1_251' title='bbox 1057 2814 1106 2892; x_wconf 81' lang='lat' dir='ltr'><strong>eit,</strong></span> 
     </span>
     <span class='ocr_line' id='line_1_32' title="bbox 105 2897 1190 2984; baseline -0.011 -17"><span class='ocrx_word' id='word_1_252' title='bbox 105 2906 137 2968; x_wconf 84' lang='lat' dir='ltr'><strong>in</strong></span> <span class='ocrx_word' id='word_1_253' title='bbox 159 2911 251 2984; x_wconf 83' lang='lat' dir='ltr'><strong>parte</strong></span> <span class='ocrx_word' id='word_1_254' title='bbox 269 2903 433 2983; x_wconf 86' lang='lat' dir='ltr'><strong>probatum</strong></span> <span class='ocrx_word' id='word_1_255' title='bbox 457 2919 525 2964; x_wconf 82' lang='lat' dir='ltr'><strong>erse</strong></span> <span class='ocrx_word' id='word_1_256' title='bbox 544 2917 671 2962; x_wconf 78' lang='lat' dir='ltr'><strong>recreare</strong></span> <span class='ocrx_word' id='word_1_257' title='bbox 687 2900 736 2964; x_wconf 82' lang='lat' dir='ltr'><strong>ait.</strong></span> <span class='ocrx_word' id='word_1_258' title='bbox 772 2899 869 2960; x_wconf 89' lang='lat' dir='ltr'><strong>Status</strong></span> <span class='ocrx_word' id='word_1_259' title='bbox 892 2906 987 2958; x_wconf 90' lang='lat' dir='ltr'><strong>autem</strong></span> <span class='ocrx_word' id='word_1_260' title='bbox 1005 2897 1035 2956; x_wconf 92' lang='lat' dir='ltr'><strong>in</strong></span> <span class='ocrx_word' id='word_1_261' title='bbox 1050 2897 1151 2958; x_wconf 80' lang='lat' dir='ltr'><strong>hoelli</strong></span> <span class='ocrx_word' id='word_1_262' title='bbox 1179 2917 1190 2925; x_wconf 57' lang='lat'><strong><em>‘</em></strong></span> 
     </span>
     <span class='ocr_line' id='line_1_33' title="bbox 108 2980 1108 3066; baseline -0.01 -17"><span class='ocrx_word' id='word_1_263' title='bbox 108 3004 193 3050; x_wconf 89' lang='lat' dir='ltr'><strong>omne</strong></span> <span class='ocrx_word' id='word_1_264' title='bbox 208 3005 301 3066; x_wconf 86' lang='lat' dir='ltr'><strong>genus</strong></span> <span class='ocrx_word' id='word_1_265' title='bbox 316 2985 455 3049; x_wconf 88' lang='lat' dir='ltr'><strong>materiae</strong></span> <span class='ocrx_word' id='word_1_266' title='bbox 471 2983 574 3060; x_wconf 83' lang='lat' dir='ltr'><strong>iidem,</strong></span> <span class='ocrx_word' id='word_1_267' title='bbox 596 2984 644 3063; x_wconf 91' lang='lat' dir='ltr'><strong>qui</strong></span> <span class='ocrx_word' id='word_1_268' title='bbox 660 2983 690 3042; x_wconf 95' lang='lat' dir='ltr'><strong>in</strong></span> <span class='ocrx_word' id='word_1_269' title='bbox 705 3001 825 3060; x_wconf 88' lang='lat' dir='ltr'><strong>causas,</strong></span> <span class='ocrx_word' id='word_1_270' title='bbox 852 2981 966 3043; x_wconf 90' lang='lat' dir='ltr'><strong>cadunt.</strong></span> <span class='ocrx_word' id='word_1_271' title='bbox 1004 2980 1108 3040; x_wconf 79' lang='lat' dir='ltr'><strong>Adhuc</strong></span> 
     </span>
     <span class='ocr_line' id='line_1_34' title="bbox 107 3065 1107 3147; baseline -0.014 -13"><span class='ocrx_word' id='word_1_272' title='bbox 107 3072 256 3147; x_wconf 85' lang='lat' dir='ltr'><strong>adiicitur,</strong></span> <span class='ocrx_word' id='word_1_273' title='bbox 278 3069 351 3131; x_wconf 90' lang='lat' dir='ltr'><strong>alias</strong></span> <span class='ocrx_word' id='word_1_274' title='bbox 369 3087 436 3134; x_wconf 87' lang='lat' dir='ltr'><strong>esse</strong></span> <span class='ocrx_word' id='word_1_275' title='bbox 453 3069 641 3147; x_wconf 91' lang='lat' dir='ltr'><strong>quaestiones</strong></span> <span class='ocrx_word' id='word_1_276' title='bbox 654 3069 683 3126; x_wconf 92' lang='lat' dir='ltr'><strong>in</strong></span> <span class='ocrx_word' id='word_1_277' title='bbox 705 3067 793 3128; x_wconf 89' lang='lat' dir='ltr'><strong>rebus</strong></span> <span class='ocrx_word' id='word_1_278' title='bbox 813 3067 903 3145; x_wconf 82' lang='lat' dir='ltr'><strong>ipsis,</strong></span> <span class='ocrx_word' id='word_1_279' title='bbox 920 3065 1009 3140; x_wconf 88' lang='lat' dir='ltr'><strong>alias,</strong></span> <span class='ocrx_word' id='word_1_280' title='bbox 1033 3080 1107 3142; x_wconf 90' lang='lat' dir='ltr'><strong>quae</strong></span> 
     </span>
     <span class='ocr_line' id='line_1_35' title="bbox 108 3140 1108 3232; baseline -0.013 -16"><span class='ocrx_word' id='word_1_281' title='bbox 108 3155 145 3216; x_wconf 91' lang='lat' dir='ltr'><strong>ad</strong></span> <span class='ocrx_word' id='word_1_282' title='bbox 160 3153 268 3232; x_wconf 91' lang='lat' dir='ltr'><strong>aliquid</strong></span> <span class='ocrx_word' id='word_1_283' title='bbox 283 3153 460 3214; x_wconf 78' lang='lat' dir='ltr'><strong>referantur:</strong></span> <span class='ocrx_word' id='word_1_284' title='bbox 484 3152 573 3228; x_wconf 89' lang='lat' dir='ltr'><strong>illud,</strong></span> <span class='ocrx_word' id='word_1_285' title='bbox 592 3148 642 3214; x_wconf 80' lang='lat' dir='ltr'><strong>Aa</strong></span> <span class='ocrx_word' id='word_1_286' title='bbox 662 3169 743 3216; x_wconf 78' lang='lat' dir='ltr'><strong>eaor</strong></span> <span class='ocrx_word' id='word_1_287' title='bbox 765 3149 934 3213; x_wconf 75' lang='lat' dir='ltr'><strong>ducenda?</strong></span> <span class='ocrx_word' id='word_1_288' title='bbox 963 3146 1036 3220; x_wconf 87' lang='lat' dir='ltr'><strong>boc,</strong></span> <span class='ocrx_word' id='word_1_289' title='bbox 1059 3140 1108 3204; x_wconf 81' lang='lat' dir='ltr'><strong>Aa</strong></span> 
     </span>
     <span class='ocr_line' id='line_1_36' title="bbox 106 3230 1107 3313; baseline -0.016 -11"><span class='ocrx_word' id='word_1_290' title='bbox 106 3240 175 3302; x_wconf 81' lang='lat' dir='ltr'><strong>aemi</strong></span> <span class='ocrx_word' id='word_1_291' title='bbox 204 3237 369 3300; x_wconf 74' lang='lat' dir='ltr'><strong>terentes</strong></span> <span class='ocrx_word' id='word_1_292' title='bbox 398 3235 489 3313; x_wconf 89' lang='lat' dir='ltr'><strong>illud,</strong></span> <span class='ocrx_word' id='word_1_293' title='bbox 518 3232 569 3296; x_wconf 81' lang='lat' dir='ltr'><strong>Aa</strong></span> <span class='ocrx_word' id='word_1_294' title='bbox 592 3234 705 3312; x_wconf 76' lang='lat' dir='ltr'><strong>fortia?</strong></span> <span class='ocrx_word' id='word_1_295' title='bbox 736 3235 809 3309; x_wconf 87' lang='lat' dir='ltr'><strong>hoc,</strong></span> <span class='ocrx_word' id='word_1_296' title='bbox 840 3230 890 3292; x_wconf 82' lang='lat' dir='ltr'><strong>Aa</strong></span> <span class='ocrx_word' id='word_1_297' title='bbox 915 3230 1046 3308; x_wconf 77' lang='lat' dir='ltr'><strong>fortiori</strong></span> <span class='ocrx_word' id='word_1_298' title='bbox 1078 3236 1107 3288; x_wconf 91' lang='lat' dir='ltr'><strong>et</strong></span> 
     </span>
     <span class='ocr_line' id='line_1_37' title="bbox 107 3322 220 3386; baseline -0.018 -2"><span class='ocrx_word' id='word_1_299' title='bbox 107 3322 220 3386; x_wconf 88' lang='lat' dir='ltr'><strong>similia.</strong></span> 
     </span>
    </p>
   </div>
   <div class='ocr_carea' id='block_1_3' title="bbox 194 3371 1149 3482">
    <p class='ocr_par' dir='ltr' id='par_1_3' title="bbox 194 3371 1149 3482">
     <span class='ocr_line' id='line_1_38' title="bbox 194 3371 1149 3482; baseline -0.013 -14"><span class='ocrx_word' id='word_1_300' title='bbox 194 3404 348 3468; x_wconf 71' lang='lat' dir='ltr'><strong>Causam</strong></span> <span class='ocrx_word' id='word_1_301' title='bbox 370 3371 431 3464; x_wconf 86' lang='lat' dir='ltr'><strong>finit</strong></span> <span class='ocrx_word' id='word_1_302' title='bbox 451 3401 669 3482; x_wconf 79' lang='lat' dir='ltr'><strong>Apollodorus,</strong></span> <span class='ocrx_word' id='word_1_303' title='bbox 699 3409 730 3460; x_wconf 92' lang='lat' dir='ltr'><strong>ut</strong></span> <span class='ocrx_word' id='word_1_304' title='bbox 750 3396 989 3476; x_wconf 88' lang='lat' dir='ltr'><strong>interpretatione</strong></span> <span class='ocrx_word' id='word_1_305' title='bbox 1010 3392 1149 3473; x_wconf 82' lang='lat' dir='ltr'><strong>Valglill</strong></span> 
     </span>
    </p>
   </div>
   <div class='ocr_carea' id='block_1_4' title="bbox 110 3479 1108 3622">
    <p class='ocr_par' dir='ltr' id='par_1_4' title="bbox 110 3479 1108 3622">
     <span class='ocr_line' id='line_1_39' title="bbox 110 3479 1108 3622; baseline -0.014 -69"><span class='ocrx_word' id='word_1_306' title='bbox 110 3490 245 3571; x_wconf 87' lang='lat' dir='ltr'><strong>discipuli</strong></span> <span class='ocrx_word' id='word_1_307' title='bbox 263 3490 420 3566; x_wconf 74' lang='lat' dir='ltr'><strong>eiurata,</strong></span> <span class='ocrx_word' id='word_1_308' title='bbox 443 3488 498 3550; x_wconf 90' lang='lat' dir='ltr'><strong>ita:</strong></span> <span class='ocrx_word' id='word_1_309' title='bbox 522 3483 628 3548; x_wconf 80' lang='lat' dir='ltr'><strong>Caesa</strong></span> <span class='ocrx_word' id='word_1_310' title='bbox 649 3492 695 3548; x_wconf 86' lang='lat' dir='ltr'><strong>eat</strong></span> <span class='ocrx_word' id='word_1_311' title='bbox 714 3484 867 3564; x_wconf 84' lang='lat' dir='ltr'><strong>nepoticm</strong></span> <span class='ocrx_word' id='word_1_312' title='bbox 888 3481 1026 3622; x_wconf 62' lang='lat' dir='ltr'><strong>orgqibac</strong></span> <span class='ocrx_word' id='word_1_313' title='bbox 1043 3479 1108 3542; x_wconf 79' lang='lat' dir='ltr'><strong>cais</strong></span> 
     </span>
    </p>
   </div>
   <div class='ocr_carea' id='block_1_5' title="bbox 0 0 1310 3948">
    <p class='ocr_par' dir='ltr' id='par_1_5' title="bbox 0 0 1310 3948">
     <span class='ocr_line' id='line_1_40' title="bbox 0 0 1310 3948; baseline 0 0"><span class='ocrx_word' id='word_1_314' title='bbox 0 0 1310 3948; x_wconf 95' lang='lat' dir='ltr'><strong> </strong></span> 
     </span>
    </p>
   </div>
  </div>
 </body>
</html>
