2608 3948
192 231 251 296 182
520 239 880 302 annemundum

189 409 277 480 atque
292 398 368 460 bane
383 397 493 460 laboris
508 397 601 457 nostri
622 395 751 456 ducimus
770 411 916 455 summam.
955 393 1014 471 lta,
1039 411 1113 474 quae
1135 393 1179 456 eir

190 483 397 546 eumstantibns
413 491 560 543 ostentare
574 480 724 556 volumus,
744 478 887 539 iudicibus
905 477 1062 557 prodimus.

130 579 184 636 128
271 567 326 628 list
340 566 478 649 quaedam
498 565 624 643 repetita
640 565 776 640 narratio,
794 580 869 642 quae
881 555 1064 644 ἐπιδιήγησις
1077 563 1193 641 dieitur,

190 669 260 713 sane
279 641 329 712 re's
351 649 556 713 declamatoria
578 648 670 726 magis
697 664 781 726 quam
802 645 928 708 forensis
949 646 1017 707 ideo
1033 655 1129 708 autem
1145 665 1193 708 re·

188 743 289 815 perta,
308 743 354 810 ut,
370 735 437 813 quia
451 733 576 792 narratio
591 729 689 792 brevis
705 749 772 791 esse
787 729 892 807 debet,
907 729 1000 791 insius
1017 740 1046 790 et
1063 732 1193 792 ornatius

189 837 237 880 res
250 819 345 898 possit
360 819 467 896 exponi
476 839 483 885 ;
505 815 584 895 quod
605 815 636 875 lit
650 815 700 875 vel
717 813 841 875 invidiae
856 815 950 894 gratia
966 814 1015 875 vel
1031 816 1193 875 miseratio·

188 904 242 963 nis.
276 901 309 962 ld
330 901 492 961 animare
513 900 678 961 iaciendum
698 900 794 961 iudieo
815 917 911 978 neque
934 897 977 959 sia
999 917 1139 977 numam,
1162 908 1194 958 ut

187 995 265 1046 totus
283 984 356 1046 ordo
377 992 542 1063 repetatur;
564 984 634 1045 lieet
652 984 728 1044 enim
747 1002 802 1062 per
822 991 922 1064 partes
941 983 1017 1042 idem
1039 985 1191 1062 consequi.

187 1065 340 1146 Getarum,
370 1070 484 1147 quinti
510 1059 690 1148 ἐπιῦιηγήσει
710 1067 809 1144 volet,
837 1068 1009 1128 narrationis
1036 1067 1105 1127 loeo
1131 1084 1193 1126 rem

188 1154 311 1230 stringat
325 1161 354 1213 et
372 1153 525 1213 contentus
547 1151 686 1228 indicare,
703 1152 780 1230 quod
796 1150 903 1211 laetum
918 1153 966 1227 sit,
981 1153 1090 1230 quasit
1105 1151 1192 1212 modo

186 1237 311 1313 laetum,
339 1236 454 1317 plenius
468 1255 501 1296 se
518 1235 586 1296 loeo
602 1252 654 1295 suo
670 1237 869 1314 expositurum
886 1252 954 1295 esse
970 1237 1127 1314 promittat.

129 1329 180 1386 129
270 1319 383 1382 initium
405 1319 576 1381 narrationis
595 1319 709 1397 quidam
731 1321 829 1397 utique
845 1318 1008 1380 iaciendum
1029 1338 1045 1382 a
1064 1335 1192 1399 persona

186 1413 297 1482 putant,
321 1421 454 1481 eamque,
472 1405 497 1463 si
511 1411 611 1463 nostra
626 1404 672 1478 sit,
693 1403 859 1480 ornandam,
882 1405 908 1464 si
927 1403 1033 1480 aliena,
1056 1403 1191 1464 infaman-

176 1487 252 1568 dam
268 1488 372 1546 statim.
406 1483 470 1547 Hoe
493 1501 563 1546 sane
585 1485 850 1565 frequentissimum
872 1496 933 1562 est,
957 1487 1023 1567 quia
1045 1504 1192 1567 personae
1285 1499 1286 1506 ¹

128 1578 263 1645 lassant,
286 1571 362 1630 inter
377 1588 448 1650 quas
464 1570 601 1648 litigatur.
634 1570 694 1631 Sed
708 1570 763 1630 bae
779 1589 896 1650 quoque
918 1563 1029 1632 interim
1052 1589 1116 1632 eum
1131 1571 1192 1631 suis

186 1653 384 1716 assidentibus
399 1654 563 1734 ponendae,
577 1671 641 1714 aum
652 1655 681 1714 id
696 1653 877 1733 profuturum
893 1663 952 1715 est:
979 1664 1010 1714 nt
1028 1651 1065 1717 A.
1079 1651 1191 1717 Clusa·

186 1738 247 1799 tius
260 1737 320 1817 fait
334 1748 426 1819 pater
440 1739 583 1816 daiasee,
599 1739 735 1814 iudices,
752 1739 837 1800 bema
851 1759 911 1801 aare
925 1740 1023 1802 solum
1035 1740 1193 1819 municipii

186 1819 362 1900 Larinatis,
392 1843 432 1885 ea
453 1840 512 1902 quo
533 1831 618 1900 erat,
646 1823 704 1885 sed
723 1824 859 1902 reqioais
873 1823 956 1886 iliius
974 1831 1006 1884 et
1024 1824 1190 1886 vicinitatis

186 1907 308 1984 uirtute,
326 1908 558 1982 existimatione,
575 1907 733 1968 nobilitate
744 1909 908 1988 primaeps;
925 1907 1039 1967 interim
1051 1909 1113 1967 sine
1128 1906 1190 1966 bis:

129 1995 177 2050 181
186 1999 218 2050 nt
240 1987 277 2063 Q.
299 1993 377 2052 aare
398 1989 543 2070 liparias
564 2009 633 2052 eum
653 1999 751 2060 esset,·
778 1991 948 2070 frequenter
967 2008 1039 2051 vero
1061 2000 1091 2051 et
1110 2008 1127 2051 a
1146 2007 1190 2068 re,

187 2074 263 2132 sieut
277 2091 331 2150 pro
347 2073 442 2133 'l'ullio
459 2073 581 2134 cicero:
594 2071 735 2135 Fundam
749 2073 842 2137 babet
854 2077 887 2136 in
902 2094 980 2154 apro
996 2073 1131 2137 Thuriae
1146 2072 1189 2135 ld.

188 2153 305 2217 Tullius
320 2165 505 2235 paternum,-
524 2156 738 2218 Demosthenes
754 2173 809 2235 pro
825 2153 1034 2238 Ctesiphonte:
1060 2161 1121 2220 Toni
1133 2149 1191 2238 peip

127 2245 179 2300 132
188 2239 330 2300 Φωκικοῦ
343 2231 503 2322 συστάντος
516 2237 654 2318 πολέμου.
684 2239 729 2300 De
742 2241 798 2301 line
810 2245 982 2303 narmtionis
995 2261 1060 2303 oum
1074 2243 1109 2303 iis
1122 2259 1189 2302 eon-

185 2322 277 2382 tentio
294 2331 349 2399 εει,
367 2324 415 2403 qui
427 2324 547 2402 perduoi
564 2325 777 2402 expositionem
786 2325 889 2387 volunt
902 2344 950 2404 eo,
966 2326 1042 2387 unde
1057 2327 1190 2406 quaestio

187 2407 291 2467 oritur:
305 2405 362 2470 His
374 2407 468 2470 rebus
481 2410 526 2470 ita
538 2410 643 2488 pestis,
658 2405 693 2469 P.
704 2407 866 2473 Dolabella
879 2420 1008 2490 praetor
1017 2411 1189 2488 interdixit,

185 2497 218 2551 ut
232 2497 277 2552 est
292 2493 488 2570 cousuetudo,
504 2495 544 2555 de
557 2493 598 2567 ei,
618 2493 790 2555 bominibus
802 2497 949 2572 armetis,
970 2495 1039 2557 mne
1058 2495 1123 2556 aila
1138 2511 1190 2557 eo·

186 2575 343 2654 ceptione,
365 2585 482 2638 tantum
503 2585 551 2654 at,
574 2577 658 2638 aude
673 2577 854 2657 deiecisset,
868 2581 1061 2649 restituerem
1077 2579 1192 2642 aalide
1285 2633 1286 2636 ,

185 2660 354 2723 restituisse
374 2679 410 2723 se
430 2661 518 2725 diait.
548 2658 679 2741 Sponsio
699 2661 787 2739 saeta
807 2671 872 2735 ests
893 2663 954 2726 iae
975 2665 1015 2725 de
1029 2665 1191 2744 spessime

185 2741 271 2802 uobis
284 2745 487 2805 iudicandam
502 2751 556 2806 est.
592 2743 625 2805 ld
645 2762 661 2805 a
676 2747 802 2824 petitore
820 2763 938 2827 semper
957 2747 1021 2808 deri
1036 2756 1152 2828 potest,
1173 2763 1190 2806 a

185 2821 343 2884 defensore
361 2843 419 2886 non
434 2843 561 2906 semper.

551 2977 597 3028 Dll
615 2978 827 3034 nansssromt.

267 3071 318 3134 Ill.
346 3071 454 3134 Ordine
469 3075 534 3155 ipso
548 3079 742 3138 narrationem
756 3078 887 3155 sequitur
898 3077 1087 3139 oonllrmatlo.
1118 3076 1189 3139 Pro·

184 3155 277 3218 banda
292 3167 357 3219 sunt
379 3161 465 3236 enim,
481 3177 557 3240 qnae
573 3170 696 3240 propter
709 3159 767 3221 boe
783 3162 980 3239 exposuimus.
1016 3161 1075 3223 Sed
1094 3162 1188 3242 prius·
1285 3199 1286 3202 =

183 3257 268 3320 quam
281 3241 428 3322 ingrediar
443 3243 518 3305 bana
539 3253 667 3324 partem,
689 3261 783 3321 pauea
798 3244 865 3304 mibi
880 3244 917 3306 de
933 3245 1111 3325 quorundam
1126 3246 1189 3324 opi-

181 3326 268 3385 nione
295 3325 417 3391 dioerma
444 3336 519 3388 sunt.
565 3328 718 3407 Plerisque
742 3328 831 3388 moris
859 3337 920 3405 est,
951 3329 1066 3411 prolato
1093 3345 1191 3391 rerum

182 3408 300 3488 ordine,
331 3411 462 3488 protinus
484 3411 584 3490 utique
605 3412 634 3470 in
656 3411 782 3489 aliquem
804 3411 910 3473 laetum
934 3423 982 3480 aut
1003 3409 1191 3492 plausibilem

153 3488 279 3552 alaeam
290 3507 375 3571 mam
385 3495 508 3554 maxime
519 3495 633 3572 possint
644 3494 843 3556 favorabiliter
858 3513 1076 3557 excurrere.
1102 3495 1190 3573 Quod
