2570 3946
205 175 243 239 ts
534 188 895 248 ruruaourrrurnraur

203 343 319 425 quidem
332 343 388 406 bae
405 343 615 421 eastiqatione,
634 343 660 401 si
678 339 810 402 assiduus
826 339 985 402 studiorum
1001 349 1123 403 exaotor
1136 343 1208 404 asti·

161 429 278 495 notent.
319 425 403 489 Nune
418 426 482 488 iere
501 424 680 502 negligentia
694 425 933 503 paedagogorum
945 426 990 485 sie
1004 425 1149 486 emendari
1163 428 1209 488 vi·

202 510 303 589 detur,
324 521 356 573 ut
376 511 459 590 pueri
474 526 532 570 uon
547 507 664 584 faeere,
688 524 762 586 quae
777 517 859 570 reota
878 517 959 586 suut,
981 517 1122 586 cogantur
1140 511 1209 587 sed,

202 613 268 657 oum
286 612 346 656 non
365 593 505 668 iecerint,
526 593 687 671 puniantur.
728 591 862 672 Denique
884 609 948 652 oum
969 591 1120 671 parvulum
1139 611 1210 654 ver·

202 679 322 741 beribus
339 676 491 755 coegeris,
508 676 577 757 quid
591 677 688 736 iuveni
702 675 809 754 isaiae,
827 677 873 738 oui
890 693 947 736 neo
961 675 1092 738 adhiberi
1106 685 1212 757 potest

160 773 194 827 1⁶
201 763 250 826 bie
261 769 355 823 metus
371 770 401 822 et
415 760 526 822 maiora
539 759 678 822 discenda
692 758 781 822 sonti
807 760 903 836 Adde,
920 760 998 840 quod
1012 759 1102 822 multa
1115 778 1208 841 vapn-

203 845 328 909 lautibus
343 846 423 906 dictu
437 844 579 906 deformia
597 853 626 904 at
639 860 708 905 mox
721 844 917 906 verecundiae
934 843 1031 905 futura
1046 860 1138 924 saepe
1154 845 1208 905 do-

203 931 268 990 lore
282 927 332 988 vel
346 937 423 990 metu
440 928 619 1005 aonideruut,
634 929 683 1007 qui
699 928 793 1006 pudor
807 928 913 1006 trangit
928 929 1050 989 animum
1065 937 1094 988 et
1108 927 1210 990 abiicit

162 1020 290 1092 rtatqua
306 1013 398 1091 ipsius
419 1011 494 1073 lueis
508 1011 606 1092 fugam
621 1021 651 1072 et
668 1011 793 1072 taedium
814 1011 913 1072 dietat.
951 1009 1011 1072 lam
1031 1013 1056 1072 si
1069 1013 1163 1074 minor
1178 1014 1209 1072 in

202 1095 366 1175 deligendis
394 1095 546 1158 oumodum
570 1094 619 1157 vel
642 1104 868 1175 praeceptorum
892 1094 1021 1156 moribus
1047 1096 1100 1157 fuit
1125 1113 1208 1172 eura,

202 1179 291 1261 pudet
306 1180 423 1258 dinone,
442 1182 471 1242 in
490 1198 566 1260 quae
581 1178 690 1260 probra
704 1178 820 1240 ueiaudi
841 1177 973 1240 homines
987 1179 1044 1239 isto
1066 1180 1209 1242 oaedeadi

201 1266 264 1326 iure
280 1264 449 1341 abutantur,
471 1283 555 1343 quam
576 1264 626 1325 det
640 1263 705 1324 abiis
724 1279 842 1342 quoque
856 1279 1058 1341 nonuunquam
1073 1265 1208 1324 onoasio·

201 1367 267 1410 nem
288 1348 336 1411 bio
356 1350 529 1408 miserorum
544 1355 649 1407 metus.
685 1346 751 1407 Non
770 1345 909 1408 morabor
922 1348 952 1407 in
971 1356 1054 1426 parta
1073 1347 1142 1416 bao;
1165 1349 1208 1408 ni·

201 1433 287 1492 mium
302 1441 348 1492 est
368 1431 447 1510 quod
467 1429 647 1508 intelligitur.
680 1429 778 1505 Quare
797 1430 856 1492 boo
878 1431 987 1492 dixisse
1004 1432 1074 1492 satis
1096 1439 1156 1499 est;
1179 1433 1210 1491 in

202 1523 327 1576 aetatem
343 1513 482 1576 infirmam
504 1523 534 1574 et
547 1513 668 1577 iniuriae
690 1514 845 1577 obnoxiam
865 1517 970 1576 nemini
986 1513 1074 1576 debat
1092 1515 1210 1576 nimium

161 1602 195 1658 18
201 1599 304 1660 lisere.
340 1596 424 1658 Nune
445 1596 549 1677 quibua
569 1599 762 1662 instituendus
777 1602 815 1661 sit
829 1599 956 1675 artibus,
978 1599 1027 1677 qni
1041 1600 1086 1658 sio
1100 1597 1209 1660 forma·

195 1681 294 1759 bitur,
320 1691 351 1742 ut
371 1680 437 1742 fleri
452 1683 549 1760 possit
571 1690 685 1759 orator,
712 1692 743 1742 et
764 1700 840 1762 quae
861 1685 891 1743 iu
910 1698 1025 1760 quaque
1047 1687 1144 1744 astate
1166 1684 1209 1744 in·

203 1765 348 1843 abdenda,
368 1765 469 1826 disere
487 1766 643 1844 ingrediar.

557 1919 601 1972 DE
620 1917 850 1972 Gatttttttlclt.

286 2016 336 2077 tv.
381 2017 492 2078 Primus
512 2019 541 2076 in
559 2035 621 2094 eo,
648 2018 697 2096 qui
717 2015 865 2078 seribeudi
886 2016 1063 2096 legendique
1083 2016 1209 2098 adeptus

202 2101 258 2162 erit
276 2100 464 2177 facultatem,
488 2102 740 2178 grammatiois
761 2108 808 2161 est
829 2099 924 2162 loeus.
957 2099 1021 2163 Neo
1043 2100 1151 2179 reiert‚
1169 2103 1208 2164 de

202 2182 317 2246 (iraeoo
339 2200 375 2244 au
390 2183 426 2244 de
441 2183 542 2244 Latino
565 2183 688 2264 loquar,
710 2201 873 2265 quiunquam
889 2182 1030 2246 draeoum
1045 2203 1113 2247 esse
1128 2187 1207 2265 prio·

177 2283 264 2336 arem
278 2266 386 2346 placat.
423 2266 546 2345 Utrique
567 2269 670 2330 eadem
690 2270 737 2330 via
757 2278 814 2330 est.
844 2268 926 2330 Haeo
943 2271 1030 2347 igitur
1045 2269 1205 2349 professio

203 2369 267 2415 oum
282 2351 497 2412 brevissimeiu
518 2351 589 2414 duas
603 2362 702 2432 partes
719 2353 876 2430 dividatur,
896 2361 1004 2414 reete
1025 2352 1210 2433 loquendi

202 2437 353 2497 seientiam
380 2444 410 2497 et
439 2444 635 2516 poetarum
661 2439 955 2515 enarrationem,
982 2436 1049 2516 plus
1069 2436 1157 2498 babet
1177 2437 1207 2497 iu

177 2535 323 2590 areeessu
344 2537 430 2600 quam
443 2520 541 2581 fronte
556 2523 713 2601 promittat.
748 2520 820 2583 Nam
843 2531 873 2583 et
896 2520 1089 2583 seribendi
1107 2522 1205 2581 ratio

202 2607 356 2666 oouiuneta
385 2622 449 2665 oum
479 2605 627 2685 loquendo
657 2615 718 2684 est,
755 2616 784 2668 et
817 2608 1028 2669 enarrationem
1056 2604 1212 2685 praeeedit

202 2689 393 2750 emendata
413 2688 554 2768 lentio,
573 2699 603 2752 et
617 2692 734 2752 mixtum
748 2692 793 2753 bis
809 2691 940 2752 omnibus
955 2691 1128 2752 iudieium
1144 2697 1204 2757 est;

202 2788 260 2851 quo
282 2771 397 2851 quidem
417 2775 457 2835 ita
471 2791 578 2836 severe
599 2786 664 2836 suut
683 2777 728 2835 usi
748 2786 867 2838 veteres
887 2775 1082 2854 qmmmatiei‚
1104 2780 1135 2834 ut
1148 2789 1207 2833 uon

201 2873 305 2916 versus
321 2857 407 2917 modo
431 2861 566 2920 eensoriu
584 2859 707 2938 quadam
726 2860 840 2937 virgula
857 2867 959 2921 notare
974 2867 1004 2920 et
1025 2856 1135 2934 libros,
1158 2859 1207 2936 qui

202 2939 278 3000 falso
299 2940 468 3002 viderentur
488 2943 634 3021 inseripti,
654 2952 787 3022 tauquam
807 2943 939 3004 subditos
960 2959 1143 3004 summovere
1164 2941 1205 3002 ia·

202 3023 280 3084 milia
295 3026 479 3104 permiserint
494 3026 565 3102 sibi,
586 3027 639 3088 sed
654 3036 789 3088 auctores
805 3027 879 3088 alios
893 3028 923 3087 iu
938 3027 1068 3089 ordinem
1081 3026 1206 3104 redege-

176 3109 258 3168 4riut
273 3107 347 3169 alios
360 3112 475 3170 omuino
491 3111 652 3172 exemerint
662 3127 791 3171 numero.
814 3109 878 3172 Nee
891 3119 996 3190 poetas
1012 3111 1123 3188 legisse
1135 3111 1206 3172 satis

204 3201 263 3262 est;
286 3195 491 3255 excutiendum
505 3211 590 3256 omne
605 3198 780 3276 scriptorum
796 3212 891 3274 genus
906 3211 964 3256 uon
978 3205 1101 3275 propter
1116 3195 1206 3255 bisto-

202 3277 261 3336 rias
280 3278 367 3340 modo
385 3278 439 3339 sed
453 3279 561 3358 verba,
579 3297 655 3358 qnae
672 3280 841 3358 frequenter
861 3281 906 3340 ius
925 3279 962 3340 ab
977 3278 1144 3340 auetoribus
1157 3295 1207 3337 su·

203 3369 291 3421 munt.
334 3361 405 3424 Tum
431 3381 528 3444 neque
551 3365 623 3426 eitra
647 3366 777 3425 musicen
802 3365 989 3444 grammatice
1014 3371 1208 3443 potestesse

202 3444 348 3525 perseum,
368 3466 432 3509 eum
446 3449 473 3509 ei
489 3448 526 3512 de
539 3449 637 3510 metris
653 3447 852 3530 rbytbmisque
867 3447 1020 3510 dicandum
1035 3449 1083 3527 sit,
1099 3463 1165 3524 uso,
1182 3448 1207 3507 si
