2608 3948
191 203 250 269 108
508 205 872 278 n.rnn.'on1nn1umn1

188 373 312 450 diceret,
327 381 359 435 et
372 373 401 433 lu
413 374 550 434 oratoriis
565 372 640 436 haec
654 371 781 449 minora,
799 387 874 453 quae
890 370 1061 451 plerumque
1077 371 1192 437 deside·

143 469 177 524 21
186 465 300 534 rantur,
329 459 427 518 sciens
448 457 607 518 omisisset.
650 456 776 534 Scripsit
802 455 838 516 de
861 455 964 516 eadem
990 459 1110 518 materia
1135 475 1194 520 nou

187 558 279 621 pauca
300 537 491 617 Cornificius,
514 540 610 620 aliqua
631 541 801 616 Stertinius,
827 538 956 600 nonnihil
979 549 1063 619 pater
1084 541 1192 613 Gallim

186 626 350 687 accuratius
366 641 439 686 vero
461 628 577 704 priores
594 622 753 704 [Gallione]
777 622 881 684 Celsus
898 633 928 684 et
941 623 1053 685 Laenas
1068 635 1098 686 et
1113 635 1193 688 aeta·

83 757 85 762 .
185 711 223 770 tis
238 718 357 770 nostrae
370 708 543 788 Verginius,
563 707 687 786 Plinius,
709 707 841 768 Tutilius.
881 708 953 768 Sunt
974 719 1003 770 et
1016 708 1105 770 hodie
1121 710 1194 772 clari

187 792 317 854 eiusdem
333 794 433 872 operis
447 802 601 869 auctores,
621 793 669 872 qui
684 795 709 854 si
726 793 819 853 omnia
835 791 982 872 complexi
999 792 1107 871 lorent,
1124 810 1193 856 con·

187 876 347 938 suluissent
363 875 457 937 labori
471 893 554 946 meo;
580 876 633 936 sed
654 893 744 956 parco
767 875 929 938 nominibus
949 879 1120 948 viventium
1141 895 1192 939 ve·

185 961 245 1020 niet
257 976 359 1019 eorum
376 960 455 1021 laudi
470 979 551 1023 sunm
569 970 694 1040 tempus,
711 960 747 1021 ad
761 969 899 1041 posteros
912 962 986 1024 euim
1002 962 1094 1023 virtus
1109 963 1193 1024 dura·

184 1041 241 1120 bit,
266 1060 324 1103 uon
341 1047 496 1124 perveniet
510 1045 627 1105 invidia.

142 1138 176 1192 it
270 1125 336 1188 Non
360 1136 458 1189 tamen
474 1138 544 1209 post
569 1137 612 1190 tot
633 1147 668 1190 ao
689 1137 785 1189 tantos
807 1137 944 1189 auctores
966 1127 1081 1207 pigebit
1099 1143 1194 1190 meam

185 1211 355 1291 quibusdam
378 1211 454 1273 locis
476 1215 612 1294 posuisse
636 1214 819 1274 senteutiam.
854 1210 959 1293 Neque
981 1213 1057 1272 enim
1077 1231 1124 1274 me
1143 1231 1194 1276 cu·

183 1297 315 1376 iusquam
337 1305 439 1358 sectae
458 1297 540 1358 velut
562 1296 683 1376 quadam
703 1295 911 1374 superstitione
934 1294 1058 1356 imbutus
1084 1295 1193 1377 addixi,

184 1389 214 1441 ct
229 1379 369 1442 electuris
393 1398 468 1460 quae
482 1381 583 1441 volent
597 1380 730 1440 iacienda
746 1380 831 1457 copia
850 1379 922 1456 luit,
945 1381 1020 1442 siout
1041 1382 1105 1459 ipse
1127 1379 1194 1460 plu·

184 1466 257 1525 rium
280 1466 415 1525 inunum
435 1463 557 1526 coniero
578 1465 709 1530 iuventa:
733 1462 898 1546 ubicunque
920 1464 1037 1541 ingenio
1059 1481 1117 1524 nou
1137 1465 1194 1526 erit

185 1549 281 1627 locus,
298 1565 386 1610 curae
403 1548 597 1610 testimonium
617 1548 760 1608 meruisse
778 1556 942 1608 contentus.

458 1701 545 1762 QUOD
561 1701 688 1754 lNlTlUM
706 1700 921 1753 andronicus

268 1795 304 1857 ll.
335 1794 399 1857 Nec
413 1796 461 1858 din
476 1814 529 1858 nos
540 1807 670 1859 moretur
678 1800 822 1878 quaestio,
838 1815 912 1876 quae
927 1795 1090 1857 rhetorices
1106 1797 1188 1875 origo

184 1883 231 1943 sit.
244 1905 248 1914 ·
267 1879 339 1942 Nam
357 1883 403 1942 cni
419 1880 535 1943 dubium
550 1893 614 1960 est,
639 1886 707 1963 quin
722 1899 886 1944 sermonem
901 1880 936 1942 ab
952 1882 1015 1960 ipsa
1031 1899 1127 1942 rerum
1140 1900 1189 1943 na-

184 1974 247 2026 tura
262 1967 354 2044 geniti
369 1968 501 2045 protinus
517 1967 648 2030 homines
666 1970 851 2050 acceperint,
875 1965 969 2046 (quod
989 1973 1069 2027 certe
1085 1967 1190 2045 princi·

184 2051 262 2128 pium
284 2059 331 2110 est
352 2051 415 2110 eius
437 2052 497 2130 rei)
518 2052 583 2112 huie
599 2052 722 2113 studium
743 2062 772 2113 et
786 2053 994 2114 incrementum
1009 2049 1121 2111 dederit
1135 2051 1189 2111 uti·

154 2133 261 2208 alitae,
279 2149 417 2193 summam
427 2136 504 2194 ratio
520 2144 549 2195 et
564 2133 759 2197 exercitatio?
790 2135 853 2197 Neo
867 2136 971 2213 video,
988 2151 1077 2214 quare
1093 2149 1190 2194 curam

185 2215 299 2277 dicendi
314 2224 416 2294 putent
433 2218 546 2297 quidam
565 2220 631 2281 inde
647 2222 802 2299 coepisse,
822 2219 898 2302 quod
916 2220 961 2296 hi,
979 2221 1027 2297 qui
1044 2220 1073 2278 in
1088 2218 1189 2279 discri-

183 2317 250 2362 men
269 2299 388 2378 aliquod
413 2301 609 2381 vocabantur,
637 2306 799 2366 accuratius
829 2306 910 2383 loqui
941 2301 1115 2364 defendendi
1146 2303 1189 2364 sui

184 2385 277 2462 gratia
291 2385 475 2447 instituerint.
503 2387 583 2449 llaec
599 2391 674 2449 euim
688 2400 719 2452 ut
732 2389 884 2451 honestior
899 2403 997 2463 causa,
1014 2389 1052 2447 itu
1064 2403 1122 2446 non
1136 2386 1190 2446 uti·

185 2485 242 2548 que
258 2469 339 2549 prior
356 2477 417 2547 est,
437 2489 501 2532 cum
515 2474 688 2552 praesertim
701 2475 848 2535 accusatio
864 2468 1023 2552 praecedat
1043 2470 1190 2534 detensio-

184 2571 263 2623 uem;
280 2554 335 2614 uisi
351 2555 415 2634 quis
430 2555 524 2633 dicet,
547 2559 632 2619 etiam
653 2558 780 2637 gladium
800 2556 969 2619 lubricatum
994 2553 1029 2616 ab
1046 2571 1082 2614 eo
1097 2555 1189 2633 prius,

184 2641 233 2717 qui
249 2637 357 2699 lerrum
370 2639 400 2699 in
414 2640 533 2702 tutelam
549 2644 593 2702 sui
606 2659 690 2722 quam
706 2644 753 2723 qui
768 2644 796 2703 in
808 2641 967 2723 perniciem
980 2639 1099 2700 alterius
1111 2655 1189 2698 com-

154 2724 301 2801 apararit.
346 2722 459 2785 Initium
482 2742 555 2803 ergo
577 2727 691 2788 dicendi
719 2727 799 2789 dedit
819 2734 967 2800 natura,
988 2724 1097 2784 initium
1118 2723 1189 2783 anis

184 2805 416 2868 obseruatio.
450 2805 589 2872 Homines
606 2813 698 2889 enim,
716 2812 800 2872 sicuti
815 2813 845 2870 in
859 2809 1013 2884 medicina,
1030 2825 1094 2868 oum
1108 2805 1189 2866 vide·

183 2897 249 2952 rent
266 2889 322 2952 alla
338 2891 465 2953 salubria
481 2894 537 2956 alia
558 2895 732 2972 insalubria,
753 2913 790 2954 ex
807 2894 1013 2954 observatione
1032 2908 1131 2952 eorum
1147 2889 1189 2950 el-

183 2975 319 3036 icuerunt
338 2985 444 3040 artem:
470 2979 525 3057 ita,
549 2998 613 3041 eum
634 2983 663 3042 in
686 2977 809 3041 dicendo
835 2977 891 3037 alia
913 2975 994 3036 utilia
1009 2975 1064 3036 alia
1079 2974 1190 3036 inutilia

184 3057 456 3140 deprehenderent,
477 3073 612 3127 nutarunt
634 3082 669 3125 ea
688 3063 724 3124 ad
739 3060 902 3122 imitandum
917 3059 1135 3141 vitandumque,
1160 3066 1190 3118 et

184 3143 325 3223 quaedam
344 3147 503 3208 secuudum
522 3151 664 3211 rationem
685 3163 785 3208 eorum
800 3145 969 3206 adiecerunt
982 3144 1039 3223 ipsi
1055 3156 1188 3222 quoque:

183 3228 257 3290 haec
278 3231 447 3295 conlirmatu
469 3238 534 3292 suut
558 3250 628 3309 usu,
652 3240 710 3293 tum
725 3247 800 3310 qnae
813 3228 925 3290 sciehat
941 3229 1064 3308 quisque
1080 3225 1188 3290 docuit.

153 3309 289 3376 lGlcero
306 3316 421 3395 quidem
440 3315 549 3377 initium
570 3317 669 3378 orandi
690 3312 889 3398 ¹conditoribus
910 3311 1022 3374 urbium
1041 3328 1075 3374 ac
1090 3310 1189 3392 legum

15 3449 16 3464 ,
184 3396 326 3460 latoribus
341 3400 431 3476 dedit,
447 3401 476 3459 in
492 3398 595 3480 quibus
611 3400 702 3461 luisse
714 3400 771 3460 vim
787 3396 902 3460 dicendi
917 3413 1042 3458 necesse
1058 3405 1118 3465 est;
1137 3412 1190 3456 cur

183 3492 280 3544 tamen
294 3483 369 3545 hanc
384 3483 503 3564 primam
518 3485 660 3563 originem
676 3475 784 3566 putem,
801 3500 859 3544 uon
872 3483 971 3559 tideo,
988 3498 1052 3542 cum
1067 3481 1125 3541 sint
1138 3478 1188 3542 ad·
