2570 3946
572 220 781 269 PRAEFATIO·

560 377 708 434 LIBER
740 379 788 434 VI.

234 479 323 534 Proo
333 477 467 537 ennium.
504 482 531 537 3.
544 479 774 550 repugnantibus.
789 478 865 534 Amo.
880 481 905 534 1.
914 501 924 542 ,·
934 478 966 537 Z.
979 479 1204 552 reprobanubus.

151 591 193 604 —
206 567 232 620 4.
244 578 288 617 me
301 561 382 618 alius.
398 561 497 617 Bomb.
510 577 536 617 c.
549 561 632 618 Codri.
644 565 708 633 optt.
715 585 725 624 ;
739 561 769 618 Z.
782 565 867 618 inser.
882 567 934 618 est.
948 591 986 603 -
1002 568 1090 620 matre
1103 580 1205 620 eorun-

152 647 227 702 tiem.
250 645 349 702 Bomb.
367 659 391 705 o.
404 645 488 702 Codri.
506 649 587 716 optt.,·
606 645 639 702 Z.
660 645 813 702 eorundem
830 652 927 707 matre.
942 675 979 686 -
1004 651 1048 707 13.
1064 648 1204 703 honorum

150 731 239 804 prius.
268 728 368 785 Bomb.
387 744 412 785 c.
429 729 513 785 Cocta.
534 744 624 791 omn.‚·
647 728 680 786 Ζ.
702 730 737 784 cte
754 735 806 786 oet.
823 731 928 787 emend.
946 732 1045 802 patris.
1063 762 1105 771 -
1135 747 1203 802 spes

151 814 342 870 acutissimae.
364 812 409 868 De
419 813 495 884 conj.
508 812 681 875 sternimur,-
695 812 778 871 eodo.
788 831 835 886 pr.
846 831 882 870 m.
896 815 1001 883 acutis,
1013 829 1068 874 sec.
1087 821 1186 870 acutae
1194 829 1203 883 ;

150 898 183 955 Z.
202 899 236 952 dc
251 901 302 953 oct.
320 897 395 968 conj.
414 913 465 968 spe
482 896 602 955 Atticae.
614 925 657 938 -
674 902 780 952 tantum
796 913 914 970 poenas.
940 899 1126 971 Aporiopcsr's.
1155 897 1205 954 Sto
1265 961 1266 964 Ἴ

149 981 251 1038 Romi.
268 995 293 1035 c.
313 985 373 1037 cert
386 979 487 1043 θοῶς
508 980 540 1037 Ζ.
552 981 586 1036 dc
598 987 650 1038 oct.
668 983 742 1053 conj.
755 987 860 1038 tantum
877 981 915 1037 ad
930 998 1038 1053 poenas
1057 983 1204 1038 anisi.-

151 1068 194 1124 16.
208 1079 276 1120 cura
287 1065 403 1120 alienas.
426 1064 526 1120 Bomb.
540 1080 565 1120 c.
579 1064 662 1122 Codri.
676 1081 746 1120 omn.
753 1089 763 1129 ,·
784 1064 816 1121 Z.
832 1067 865 1122 dc
875 1071 926 1123 oet.
939 1067 1013 1139 conj.
1025 1067 1110 1122 r’rrser.
1122 1065 1169 1123 ad.

237 1145 317 1220 Gap.
333 1148 355 1203 1.
398 1151 426 1205 4.
444 1148 566 1220 Reliquit
582 1147 666 1204 hanc.
693 1149 793 1208 Bamo.
811 1165 836 1204 c.
857 1149 940 1207 Godd.
960 1155 1044 1223 optt.,·
1067 1147 1099 1204 Z.
1116 1151 1203 1204 inser.
1266 1136 1267 1180 ἶ

150 1248 229 1290 vcro.
240 1261 283 1273 -
305 1232 412 1286 merito.
435 1231 536 1289 Bamb.
553 1247 578 1288 o.
591 1232 673 1289 Oodrt.
685 1238 769 1304 optt.‚·
788 1231 821 1288 Z.
834 1238 861 1288 et
872 1250 909 1288 m.
922 1261 965 1274 ··-
985 1239 1012 1290 5.
1025 1234 1203 1288 occasiones.

149 1315 246 1386 Idem,
258 1315 333 1390 quoti
341 1321 508 1371 correxerat
519 1315 638 1386 Roptro,
654 1315 754 1369 Bomb.
768 1339 809 1351 -
831 1319 857 1374 6.
873 1317 993 1387 possint.
1015 1315 1151 1378 Amb.1.,·
1167 1317 1201 1374 Z.
1267 1345 1268 1372 ι

149 1405 334 1473 possunt-
354 1402 380 1456 9.
394 1398 457 1454 aliis
468 1397 514 1454 hic
525 1402 608 1468 atque
620 1398 677 1453 ille.
699 1396 747 1454 Sic
758 1397 792 1452 de
804 1400 881 1470 conj.
894 1397 1025 1454 Stechoro.
1040 1398 1124 1455 codd.
1137 1405 1203 1472 opit.
1267 1395 1268 1400 ’

148 1483 214 1557 fore
237 1481 299 1538 otiis
320 1482 361 1536 sic
384 1485 431 1536 aut
447 1481 510 1550 ille;
539 1479 571 1537 Ζ.
592 1480 625 1556 ote
647 1485 697 1538 oct.
715 1483 884 1538 correctione
910 1483 1001 1538 rarius
1022 1480 1069 1537 hic
1087 1482 1144 1538 ille.
1162 1512 1204 1524 -

152 1573 196 1624 11.
206 1570 293 1636 ponat
311 1569 375 1620 onte
395 1567 501 1622 oculos.
519 1565 617 1625 Bomb.
634 1579 659 1624 o.
679 1559 761 1623 cocto.
780 1570 863 1638 optt.;
883 1566 914 1622 Ζ.
933 1572 997 1621 ante
1014 1581 1057 1621 oc.
1079 1581 1148 1636 pon.
1161 1595 1193 1607 —
1268 1554 1269 1606 i

151 1655 195 1711 18.
209 1647 424 1704 solicitudinem.
448 1649 547 1704 Bomb.
559 1663 584 1705 o.
601 1647 685 1704 Cotto.
699 1666 789 1712 omn.,·
803 1649 833 1706 Z.
846 1651 880 1706 dc
890 1651 964 1722 conj.
977 1650 1060 1722 Repii
1069 1650 1191 1704 solitudo

152 1765 192 1776 -
204 1739 248 1790 20.
261 1747 296 1787 eo
306 1730 462 1804 praedicte.
486 1732 585 1788 Bomb.
604 1747 628 1787 c.
642 1733 725 1790 Codri.
740 1749 811 1788 omn.
820 1756 829 1796 ,·
852 1732 883 1789 Z.
903 1734 937 1788 dc
952 1737 1003 1791 oet.
1022 1735 1098 1806 conj.
1115 1735 1198 1792 inser.

152 1831 233 1888 quoe.
246 1844 288 1855 -
308 1815 520 1875 23.110nssecti.
541 1815 619 1873 Amo.
634 1819 659 1872 1.
672 1832 697 1872 c.
709 1817 788 1872 Flor.
797 1840 806 1880 ,-
825 1816 857 1872 Z.
873 1815 901 1872 il.
919 1833 984 1873 non.
1000 1848 1042 1858 -
1063 1823 1201 1889 petentur.

150 1900 251 1968 Romo.
274 1915 299 1958 c.
318 1905 378 1956 cett.
398 1899 497 1964 Godd.,·
522 1900 552 1955 Z.
570 1900 604 1956 de
627 1901 702 1973 conj.
723 1900 845 1976 Gesocrt
859 1906 976 1972 petetur.
1000 1929 1036 1939 —
1066 1901 1201 1956 iis-iis.

155 1984 248 2040 Bomb.
268 2000 293 2042 c.
311 1990 376 2056 optt.
391 1983 491 2048 Codcl.,·
511 1985 544 2042 Z.
562 1985 602 2040 trio
619 2001 655 2039 ex
671 1985 715 2041 iis.
729 2011 771 2024 -
794 1989 837 2043 24.
856 2001 873 2039 o
893 1989 929 2041 te.
956 1984 1055 2043 Bomb.
1072 2001 1098 2043 c.
1119 1984 1202 2040 Codd.

151 2084 239 2130 orm.;
261 2067 292 2123 Ζ.
306 2084 379 2123 ome
390 2069 424 2122 de
435 2074 485 2126 oct.
498 2069 602 2124 emend.
615 2098 656 2109 —
676 2073 719 2127 26.
733 2069 830 2138 quales
846 2098 883 2107 -
896 2068 1038 2140 fingimus.
1065 2067 1112 2124 Sic
1129 2067 1203 2123 hono

151 2153 239 2207 locum
258 2152 311 2207 teor·
327 2151 512 2208 emendatione
523 2153 561 2207 act
570 2153 716 2223 exemptor
733 2157 799 2222 optt.
813 2151 940 2208 Codicum
955 2153 1073 2216 rcctttui;
1095 2152 1125 2208 tu·
1137 2151 1203 2224 fere

145 2235 299 2308 praebent,
314 2236 412 2306 quoles
423 2235 462 2294 tit
475 2235 550 2291 dicit.
566 2236 623 2306 (rei
633 2236 728 2302 decet)
745 2242 818 2306 patr.
836 2236 929 2292 nudae
947 2241 1053 2291 tontum
1070 2253 1094 2292 r.
1106 2252 1142 2293 m.
1156 2240 1203 2290 aut

151 2336 174 2376 u.
187 2320 266 2390 ipsos
276 2319 294 2374 l.
309 2321 327 2374 i.
340 2325 390 2376 etc.
397 2341 407 2382 ;
420 2317 452 2374 Z.
465 2336 491 2391 q.
504 2320 523 2376 l.
537 2319 637 2376 decent
652 2319 700 2376 vel
711 2334 739 2390 p.
752 2320 845 2375 Mutae
862 2324 883 2374 t.
898 2335 921 2376 r.
932 2335 969 2376 m.
994 2321 1018 2375 si
1031 2324 1078 2374 aut
1093 2335 1119 2374 c.
1131 2318 1202 2390 ipsis

150 2404 290 2474 loquimur
307 2408 354 2458 aut
370 2420 396 2460 c.
409 2404 487 2474 ipsus
506 2405 554 2460 tt.
572 2430 616 2445 -
638 2401 777 2459 deflentis.
800 2404 877 2462 Amb.
892 2408 917 2459 1.
935 2420 959 2460 c.
972 2402 1071 2458 Bamb.
1080 2424 1090 2465 ,·
1109 2401 1142 2457 Ζ.
1155 2401 1203 2455 de-

151 2486 262 2542 flentes.
278 2515 321 2526 -
348 2489 393 2548 11.
410 2488 532 2543 Frustro.
559 2487 659 2545 Romi.
679 2502 703 2544 o.
723 2486 805 2544 codd.
824 2493 908 2560 optt.,·
936 2486 968 2543 Z.
989 2486 1010 2543 0
1030 2486 1143 2542 trustra.
1158 2512 1204 2526 -

150 2586 240 2627 niens.
268 2570 367 2628 Bomb.
386 2585 411 2628 c.
433 2571 515 2628 codd.
531 2576 611 2644 θρίω
633 2570 665 2627 Ζ.
684 2587 773 2628 mene.
792 2601 834 2610 —
857 2576 901 2630 30.
918 2573 1074 2627 verberata.
1102 2568 1201 2624 Bomb.

150 2669 175 2709 o.
190 2652 271 2710 Codri.
286 2661 369 2727 optt.‚·
393 2655 423 2712 Ζ.
436 2657 522 2712 uuor.
539 2672 573 2710 ac
585 2657 664 2712 verb.
675 2683 719 2696 -
740 2658 784 2715 31.
802 2657 896 2712 tabula
910 2667 996 2726 supro
1013 2653 1124 2707 iovem.
1155 2649 1204 2715 Sic

148 2736 213 2809 fere
225 2736 308 2795 Ooclct.
323 2755 405 2809 omn„
426 2741 482 2795 nter·
492 2740 565 2814 quod
574 2740 714 2808 tabulom3
738 2739 768 2794 Ζ.
780 2740 813 2795 cte
829 2745 879 2796 oct.
892 2737 967 2807 conj.
984 2735 1014 2788 in
1024 2735 1117 2789 tabula
1128 2733 1203 2804 sipa-

152 2821 243 2878 riove.
254 2851 297 2861 -
319 2825 363 2882 33·
377 2825 490 2893 conjux.
512 2823 611 2879 Bamb.
622 2839 647 2879 o.
660 2822 741 2880 Codri.
754 2829 819 2895 optt.
826 2845 836 2885 ,·
857 2821 888 2876 Ζ.
900 2820 1030 2891 conjunx.
1041 2846 1085 2859 -
1106 2819 1152 2876 38.
1166 2816 1203 2870 ri·

152 2912 390 2962 commoventes.
418 2907 495 2963 Arno.
515 2910 558 2970 1.‚·
584 2907 616 2962 Z.
633 2910 718 2964 inser.
739 2908 834 2962 etiam.
847 2935 891 2946 -
917 2907 963 2963 4ο.
980 2901 1115 2959 cadaveri
1133 2903 1202 2954 erat.

152 2985 199 3044 Sic
227 2988 280 3046 leot
301 2991 422 3053 emcnd.,·
447 2989 529 3046 Codri.
546 2989 614 3062 fero
634 2990 818 3060 caducaveri;
840 2989 871 3046 Ζ.
895 2987 929 3044 dc
950 2987 1025 3058 conj.
1045 2990 1096 3042 oct.
1117 2981 1202 3038 cada-

151 3072 226 3137 veri,
247 3089 301 3129 om.
325 3082 393 3130 erat.
407 3105 444 3117 -
473 3078 519 3132 43.
537 3073 660 3145 quidem.
694 3073 741 3130 Sic
755 3075 790 3130 de
809 3073 886 3145 conj.
902 3070 1070 3128 eodoomn.
1089 3066 1202 3138 quidni;

150 3155 180 3212 Z.
201 3155 235 3212 de
253 3159 329 3230 conj.
349 3159 431 3230 Rapit
446 3158 542 3229 inquit.
554 3187 597 3199 —-
619 3160 664 3219 47.
682 3157 777 3230 itaque
795 3173 847 3212 nec
866 3157 951 3210 illurn.
976 3150 1075 3207 Bomb.
1094 3166 1118 3206 c.
1141 3153 1202 3206 cett.

150 3238 231 3302 cdd.;
250 3241 329 3297 Amo.
349 3245 373 3297 1.
394 3243 431 3297 ita
449 3257 500 3299 nec
518 3243 552 3312 i.;
573 3243 652 3299 codd.
667 3247 727 3300 octe.
745 3242 805 3297 rell.
820 3240 886 3311 fero
906 3237 946 3292 Ito
964 3253 1016 3293 nec
1035 3237 1101 3308 quio
1118 3236 1137 3290 i.
1161 3261 1203 3274 -—

151 3327 196 3382 48.
209 3325 360 3396 agendum.
381 3324 481 3382 Bomb.
499 3341 524 3381 c.
544 3332 604 3383 cett.
618 3326 701 3384 ordo.
711 3349 720 3388 ;
740 3325 770 3381 Ζ.
784 3324 820 3379 de
839 3327 892 3380 oct.
913 3323 988 3396 conj.
1007 3326 1146 3395 agentem.
1162 3344 1203 3358 -··

152 3411 195 3466 49.
209 3409 358 3479 ejusmodi.
379 3409 477 3466 Bomb.
496 3426 521 3467 c.
536 3410 619 3467 Codri.
631 3414 714 3482 opum
737 3409 766 3463 Ζ.
785 3406 955 3478 hujusmodi.
967 3435 1010 3446 -
1032 3405 1079 3477 qui
1097 3405 1202 3466 contro.

155 3491 250 3549 Romo.
263 3509 288 3551 c.
303 3494 385 3552 Oodd.
398 3499 463 3568 optt.
482 3499 509 3550 et
525 3494 587 3550 cdd.
605 3498 682 3555 oeu.,·
704 3492 734 3548 Ζ.
747 3493 831 3547 incer.
845 3495 881 3546 ct.
895 3515 936 3528 -
959 3496 1004 3549 51.
1018 3489 1081 3545 sint.
1103 3484 1200 3542 Bamb.
