2608 3948
201 224 260 284 140
508 237 543 282 ru.
564 235 642 282 aas.
664 233 884 294 ouruurnmur

199 391 330 466 dedant,
357 403 532 469 quanquam
553 389 685 468 perituri
709 389 785 462 mut,
814 387 873 447 nial
889 387 1039 465 [eceman
1069 396 1099 448 et
1116 389 1201 451 utilia

198 472 329 533 honestis
353 471 560 552 praeferimus,
586 479 617 531 ut
642 488 705 530 cum
729 471 900 545 suademus,
926 478 959 531 ot
980 471 1056 533 bello
1079 471 1199 536 Punico

156 563 189 616 31
198 559 281 618 cerci
301 563 470 618 armentur.
514 554 573 615 Sed
598 569 693 632 neque
716 553 765 614 lric
785 554 872 632 plane
897 554 1114 616 concedendum
1139 567 1199 635 est,

199 656 267 699 csse
289 639 318 699 id
337 638 536 714 inhonestum,
558 637 667 697 liberos
692 638 766 697 enim
790 646 890 697 natura
915 653 1014 698 omues
1039 648 1068 699 et
1086 640 1200 700 eisdem

199 731 334 782 constare
358 721 510 782 elementis
533 730 563 782 et
587 721 714 781 fortasse
738 722 861 799 antiquis
881 722 965 781 etiam
983 720 1128 783 nobilibus
1148 740 1198 784 or-

104 879 107 884 ,
198 816 262 882 tos,
283 806 339 865 dici
359 813 472 883 potest;
493 814 523 866 et
537 805 611 880 illic,
630 803 678 863 ubi
695 804 876 866 manifestum
890 804 1051 882 pericnlum
1066 815 1121 883 est,
1142 823 1198 886 op-

198 888 332 968 ponenda
355 887 429 964 alia,
448 897 480 948 nt
503 887 649 948 crudelius
674 888 760 949 etiam
784 889 929 966 perituros
954 888 1146 966 allirmemus,
1171 891 1199 949 si

198 989 232 1031 se
250 971 421 1046 dediderint,
440 972 503 1032 siue
523 971 615 1032 hostis
633 987 691 1031 nou
710 973 871 1032 seruaverit
889 971 985 1048 iidem,
1003 974 1067 1032 sire
1086 971 1200 1034 Caesar

156 1056 317 1130 dtuicerit,
336 1055 414 1134 quod
433 1073 501 1116 esse
517 1071 589 1115 vero
609 1054 739 1114 similius.
768 1054 849 1116 llaec
867 1063 973 1130 autern,
995 1073 1071 1135 quae
1089 1065 1200 1117 tantum

199 1140 274 1198 inter
288 1155 321 1198 se
334 1147 478 1217 pugnant,
495 1138 665 1217 plerumque
680 1138 841 1198 nominibus
856 1138 972 1198 deflecti
988 1139 1092 1200 solent.
1122 1140 1199 1201 Nam

199 1231 229 1282 et
247 1221 356 1282 utilitas
381 1223 444 1300 ipsa
464 1231 645 1302 expugnatur
669 1221 705 1282 ab
723 1222 784 1298 his,
809 1221 857 1300 qui
882 1222 995 1298 dicunt,
1020 1240 1078 1282 non
1102 1223 1197 1284 solum

194 1307 313 1386 potiora
332 1323 399 1366 esse
417 1305 539 1366 honesta
556 1323 641 1383 quam
659 1305 739 1364 utilia
759 1306 811 1366 sed
830 1322 865 1364 ne
884 1305 964 1365 utilia
984 1307 1099 1384 qrridem
1116 1316 1197 1384 esse,

199 1405 350 1469 quaemus
368 1389 424 1448 sint
442 1387 579 1456 honestum
604 1396 634 1447 et
658 1397 774 1464 contra,
794 1388 873 1467 quod
891 1405 945 1448 nos
964 1389 1133 1467 honestum,
1152 1390 1199 1451 illi

198 1489 318 1548 vanum,
339 1471 536 1547 ambitiosum,
559 1471 711 1547 stolidum,
736 1471 834 1532 verbis
854 1491 939 1552 quam
962 1491 994 1534 re
1016 1473 1197 1553 probabilius

156 1553 313 1616 ³³vocant.
354 1553 418 1614 Nec
436 1563 543 1616 tantum
560 1555 707 1615 inutilibus
726 1565 930 1634 comparantur
947 1557 1026 1617 utilia
1052 1558 1103 1618 scd
1122 1559 1199 1617 inter

198 1654 366 1717 aequoque
386 1639 466 1718 ipsa,
491 1647 523 1699 nt
540 1639 564 1698 si
589 1657 627 1698 ex
649 1638 761 1699 duobus
786 1640 945 1716 eligamus,
970 1641 999 1700 in
1017 1640 1110 1701 altero
1129 1640 1199 1719 quid
1227 1656 1232 1664 ¹

198 1724 236 1784 sit
258 1723 368 1800 magis,
392 1723 422 1781 in
447 1722 540 1783 altero
565 1723 632 1801 quid
658 1723 695 1782 sit
721 1722 823 1782 minus.
871 1720 987 1784 crescit
1009 1723 1067 1784 boc
1091 1723 1196 1785 adhuc.

197 1803 270 1868 Nam
285 1806 397 1866 interim
412 1806 544 1885 triplices
560 1806 645 1866 etiam
659 1807 810 1866 suasoriae
824 1805 966 1867 incidunt:
986 1815 1017 1866 ut
1033 1824 1097 1868 cum
1111 1805 1197 1868 Pom·

194 1892 285 1970 peina
301 1891 509 1967 deliberabat,
532 1889 663 1952 Portica
678 1909 721 1952 on
736 1886 877 1968 Africana
898 1907 941 1951 on
955 1887 1122 1970 Acppptom
1138 1908 1199 1969 pc-

199 1983 284 2036 teret.
316 1972 360 2035 lta
384 1990 442 2034 non
458 1981 582 2050 tantum,
601 1982 695 2034 unum
713 1971 815 2033 melius
838 1973 891 2034 sed
909 1974 977 2052 quid
992 1974 1030 2033 sit
1048 1974 1197 2050 optimum,

155 2052 363 2137 54quaeritnr,
387 2058 513 2136 itemque
531 2065 641 2118 contra.
678 2056 741 2118 Nec
758 2075 881 2134 unquam
899 2055 1006 2116 incidet
1022 2057 1051 2114 in
1067 2055 1125 2116 boc
1143 2073 1199 2132 ge·

197 2158 268 2200 nere
285 2141 425 2200 materiae
441 2140 579 2201 dubitatio
596 2142 655 2217 rei,
677 2159 752 2221 quac
767 2139 892 2218 undique
907 2138 1064 2199 secundum
1078 2155 1131 2198 nos
1147 2140 1196 2200 sit.

198 2221 270 2284 llam
295 2221 345 2282 ubi
369 2223 589 2285 contradictioni
615 2225 698 2286 locus
722 2241 780 2283 non
805 2233 869 2299 est,
899 2240 974 2302 quae
999 2230 1099 2301 potest
1127 2240 1197 2282 csse

198 2325 286 2368 causa
302 2303 469 2368 dubitandi?
492 2306 535 2369 lta
550 2308 613 2370 lere
625 2310 716 2369 omnis
732 2307 862 2367 suasoria
876 2305 946 2368 nihil
961 2313 1007 2366 est
1022 2305 1099 2367 aliud
1111 2323 1197 2384 quarn

198 2391 393 2470 comparatio,
418 2391 647 2472 videndumque,
672 2391 741 2472 quid
765 2391 949 2452 consecuturi
975 2389 1063 2450 simus
1090 2399 1119 2452 et
1140 2406 1196 2468 per

198 2476 281 2554 quid;
302 2484 334 2535 ut
351 2476 496 2538 aestimari
512 2479 621 2554 possit,
641 2477 706 2554 plus
726 2476 754 2534 in
773 2491 810 2535 eo
830 2473 907 2554 qnod
921 2474 1044 2552 petimus
1062 2473 1100 2534 sit
1116 2489 1195 2532 com·

153 2559 291 2636 dimodi,
315 2577 350 2620 an
374 2575 445 2619 rero
471 2559 499 2619 in
526 2575 562 2619 eo
583 2577 637 2638 per
662 2559 745 2638 quod
762 2559 886 2638 petimus
910 2556 1093 2618 incommodi.
1141 2553 1196 2616 Est

195 2643 326 2704 utilitatis
347 2652 376 2703 et
394 2644 422 2700 in
439 2650 572 2721 tempore
589 2643 739 2721 quaestio,
759 2643 883 2721 ecpedit
898 2641 955 2702 sed
969 2659 1029 2704 con
1043 2659 1144 2708 cunm·
1164 2646 1196 2699 et

196 2727 224 2784 in
240 2726 319 2801 loco,
335 2743 395 2788 non
410 2727 480 2794 tior
496 2727 569 2786 etin
584 2742 721 2804 persona,
737 2743 798 2788 non
811 2726 909 2801 nobie,
924 2744 984 2787 oon
999 2733 1107 2787 contro
1122 2723 1194 2790 boot

196 2817 225 2867 ct
242 2809 270 2865 in
289 2825 399 2884 genere
417 2809 537 2885 agendi,
563 2829 623 2870 non
636 2811 702 2880 cic;
727 2817 757 2870 et
773 2809 802 2867 in
818 2807 921 2882 modo,
940 2827 1000 2870 non
1013 2811 1047 2870 in
1069 2815 1192 2869 tontum.

280 2890 339 2950 Sed
359 2907 446 2968 pers
456 2907 560 2951 onam
579 2895 696 2970 saepius
712 2892 827 2953 decoris
843 2892 935 2968 gratia
951 2893 1102 2968 intuemur,
1120 2905 1193 2969 quae

154 2972 370 3052 coustumiis
387 2981 416 3032 et
433 2972 461 3032 in
478 2973 538 3050 bis,
562 2975 610 3052 qui
625 2975 803 3050 deliberant,
827 2974 984 3052 spectanda
1002 2985 1055 3035 est.
1093 2973 1193 3050 ltaque

197 3059 327 3137 quamvis
348 3056 482 3135 exempla
506 3057 658 3136 plurimum
678 3061 707 3118 in
728 3056 857 3118 consiliis
878 3058 1007 3136 possint,
1030 3059 1096 3137 quia
1112 3055 1191 3117 iacil-
1291 3059 1292 3066 ’

196 3142 263 3203 lime
280 3141 315 3203 ad
331 3141 569 3202 consentiendum
589 3142 719 3203 homines
741 3142 880 3202 ducuntur
901 3141 1122 3221 experimentis:
1148 3156 1192 3199 re·

196 3227 253 3286 lert
268 3234 374 3301 tamen,
392 3242 513 3304 quorum
529 3229 685 3287 auctoritas
702 3235 731 3286 et
746 3222 849 3304 qsribus
866 3221 1043 3285 adhibeatur.
1078 3222 1193 3284 Diversi

152 3316 187 3372 et
196 3318 262 3370 sunt
278 3310 352 3369 enim
368 3309 588 3373 deliberantium
606 3311 706 3384 animi,
727 3307 835 3388 duplex
855 3307 998 3368 condicio.
1037 3307 1110 3368 Nam
1125 3321 1192 3366 con·

196 3392 304 3454 saltant
329 3402 377 3454 aut
398 3394 497 3472 plures
520 3402 569 3454 aut
590 3393 709 3471 singulm
739 3392 792 3453 sed
816 3392 844 3449 in
870 3392 1000 3470 utrisque
1021 3390 1192 3467 differentia,

196 3477 261 3554 quia
279 3485 308 3536 et
323 3478 351 3536 in
366 3476 496 3555 pluribus
512 3475 630 3542 multum
645 3477 780 3554 interest,
802 3483 927 3538 senatus
943 3477 983 3537 ait
997 3494 1040 3538 oo
1050 3474 1193 3556 populate,
