2608 3948
189 231 247 296 134
500 241 536 290 u.
554 239 872 300 ssu.ou1sum1nu1

183 403 315 462 viventes
340 395 496 476 aliquando
517 394 681 468 laudamus,
708 393 761 456 sed
784 392 860 471 quod
882 410 946 453 rara
967 393 1042 454 haec
1065 398 1183 458 occasio

186 493 247 562 est,
269 491 300 543 ut
320 479 425 542 reterri
447 479 560 558 possint
580 477 667 536 dirini
688 477 815 538 honores
838 485 868 536 at
882 477 1002 537 decreta
1018 484 1048 538 et
1065 479 1184 557 publice

144 579 178 634 ta
186 577 298 629 statuae
325 565 509 626 constitutae.
560 559 640 620 Inter
666 577 742 640 quae
767 562 976 621 numeraverim
1003 563 1185 640 ingeniosum

184 658 385 722 monumenta,
402 662 478 726 quae
495 643 623 704 saeculis
638 643 840 723 probarentur.
872 643 945 706 llam
960 645 1090 723 quidam,
1109 649 1186 708 sicat

183 733 358 807 lienander,
385 730 506 791 iustiora
533 737 719 806 posterorum
741 745 825 808 quam
851 745 921 789 suae
948 731 1050 790 aetatis
1078 729 1186 792 indicia

184 829 250 880 sunt
271 815 431 878 consecuti.
476 811 608 872 Ades-unt
634 812 758 884 laudern,
774 812 858 873 liberi
885 811 1070 891 parentibus,
1097 813 1187 874 urbes

185 898 400 973 conditoribus,
423 896 508 975 leges
530 895 687 973 latoribus,
715 905 793 962 artes
822 896 1021 956 inventoribus
1048 913 1187 958 necnon

183 987 312 1046 instituta
334 997 452 1060 quoqne
470 979 653 1056 auctoribus,
680 981 721 1040 uti
743 997 760 1040 a
780 979 872 1041 Numa
891 981 1025 1041 traditum
1046 980 1119 1042 deos
1135 999 1209 1045 co·-

185 1069 265 1145 lere,
282 1085 297 1128 a
315 1065 466 1128 Publicola
481 1064 578 1126 fasces
594 1064 706 1143 populo
725 1064 912 1126 summittere.

141 1160 176 1218 19
268 1150 324 1225 Qui
349 1151 440 1210 omnis
465 1150 552 1210 etiam
574 1149 603 1208 in
623 1148 906 1228 uituperatione
936 1149 1008 1211 ordo
1030 1151 1186 1228 constabit,

183 1244 293 1298 tantum
315 1237 344 1295 in
368 1235 522 1294 diversum.
567 1231 691 1293 Names
717 1232 863 1312 turpitudo
885 1234 1003 1311 generis
1025 1235 1187 1314 opprobrio

173 1319 280 1381 ‘multis
301 1319 372 1395 luit,
397 1326 427 1378 et
448 1316 589 1395 quosdam
607 1315 724 1376 claritas
740 1318 804 1395 ipsa
824 1317 955 1378 notiores
974 1319 1053 1379 circa
1074 1320 1142 1379 vitia
1158 1329 1189 1379 et

183 1407 294 1464 inrisos
309 1403 402 1479 magis
419 1400 506 1475 lecit,
530 1408 561 1459 et
581 1400 610 1459 in
625 1398 812 1478 quibusdam,
834 1409 867 1460 ut
886 1402 915 1460 in
935 1401 1038 1464 Paride
1053 1402 1187 1464 traditum

184 1496 246 1563 est,
274 1485 425 1564 praedicta
448 1483 611 1561 pernicies,
640 1492 669 1543 et
696 1485 830 1564 corporis
857 1502 892 1545 aa
912 1486 1046 1548 fortunae
1070 1485 1187 1565 quihus·

142 1615 145 1620 .
184 1571 249 1630 dant
266 1569 341 1629 mala
358 1575 572 1645 contemptum,
593 1569 669 1627 sicut
690 1566 858 1643 Thersitae,
877 1568 1052 1648 adquisiere,
1070 1569 1187 1649 quibus·

186 1651 251 1714 dam
272 1653 351 1713 bona
371 1652 448 1713 vitiis
464 1660 601 1730 corrupta
617 1651 713 1712 odium
731 1653 904 1728 attulerunt,
926 1663 958 1712 ut
976 1651 1064 1720 Nirea
1085 1653 1187 1713 imbel-

141 1737 258 1812 2olem,
283 1735 451 1797 Plisthenen
472 1736 646 1814 impudicum
666 1752 683 1796 a
703 1738 800 1815 poetis
822 1737 999 1814 accepimus.
1048 1735 1085 1796 bt
1103 1737 1187 1798 animi

184 1819 303 1882 totidem
324 1821 409 1895 vitia,
436 1828 507 1898 quot
528 1821 650 1880 virtutes
673 1831 755 1896 sunt,
783 1837 838 1880 nec
859 1823 951 1881 minus
974 1837 1062 1899 quam·
1082 1822 1110 1880 in
1127 1821 1173 1880 lau

185 1904 268 1966 dibus
290 1903 399 1984 duplici
419 1905 533 1964 ratione
556 1911 723 1964 tractantur.
768 1903 806 1964 lit
831 1913 899 1983 post
923 1913 1046 1964 mortem
1074 1905 1187 1966 adiecta

185 1987 356 2067 quibusdam
371 1989 525 2065 ignominia
542 1996 603 2064 est,
626 1998 657 2049 ut
680 1987 804 2063 llaelio,
828 1989 908 2048 cuins
933 1988 1033 2048 domus
1051 1989 1117 2047 solo
1138 2005 1188 2047 ae-

186 2080 288 2149 quata,
312 2069 472 2149 blancoque
487 2070 611 2147 llanlio,
635 2074 715 2132 cuins
729 2087 907 2150 praenomen
922 2087 939 2130 a
959 2070 1066 2130 familia
1087 2071 1118 2128 in
1133 2085 1187 2148 po-

142 2163 293 2216 alsteram
309 2163 474 2232 exemptum
491 2164 545 2215 est.
582 2155 619 2216 ldt
634 2164 769 2235 parentes
785 2153 925 2214 malorum
943 2151 1064 2213 odimus.
1091 2151 1129 2212 ias
1141 2162 1187 2214 est

186 2236 384 2298 conditoribus
405 2237 517 2299 urbium
538 2240 659 2315 inlame,
691 2238 871 2298 contraxisse
893 2235 1017 2316 aliquam
1040 2237 1187 2315 pernicio·

185 2339 247 2382 sam
265 2321 372 2381 ueteris
388 2327 518 2398 gentem,
535 2321 627 2401 qualis
644 2329 690 2380 est
702 2321 811 2399 primus
822 2319 957 2382 Iudaicae
970 2321 1186 2400 superstitionis

186 2411 303 2472 auctor:
331 2414 360 2465 et
376 2403 574 2467 Gracchorum
589 2405 673 2482 leges
688 2405 813 2472 invisam
840 2414 870 2465 ct
888 2407 913 2466 si
932 2404 1009 2484 quod
1025 2414 1072 2466 est
1088 2422 1185 2464 exem-
1289 2445 1290 2450 η

186 2488 266 2568 plum
278 2486 408 2549 deforme
426 2491 553 2568 posteris
569 2487 713 2564 traditum,
731 2487 818 2566 quale
833 2487 1003 2550 libidinosus
1019 2491 1066 2549 vir
1080 2488 1186 2549 Perses

143 2575 215 2636 auin
235 2572 358 2633 muliere
373 2573 469 2633 Samia
485 2572 635 2632 instituere
657 2589 743 2632 ausus
759 2573 866 2636 dieitur
878 2575 997 2652 primus.
1030 2573 1090 2634 Sed
1104 2574 1133 2631 in
1143 2574 1185 2630 ui-

184 2653 318 2718 vannum
338 2673 456 2736 quoque
477 2653 582 2714 iudicia
606 2655 749 2717 hominurn
765 2656 846 2717 velut
863 2665 1031 2735 argumenta
1046 2665 1111 2716 suut
1124 2672 1186 2715 mo·

184 2757 262 2816 rum,
287 2749 318 2799 et
337 2739 431 2800 honos
450 2747 498 2798 aut
521 2740 677 2816 ignominia
697 2755 796 2802 veram
820 2741 887 2800 esse
909 2741 1023 2801 laudem
1042 2739 1091 2799 sel
1111 2740 1186 2799 vitn-

185 2825 367 2902 perationem
388 2822 502 2902 probat.

143 2914 179 2968 ‘23
268 2907 416 2967 Interesse
430 2915 527 2967 tamen
541 2907 719 2969 Aristotcles
733 2916 829 2986 putat,
845 2906 894 2966 ubi
911 2906 1037 2985 quidque
1054 2906 1186 2967 laudatur

186 2999 235 3050 aut
252 2992 442 3070 vituperetur.
487 2991 560 3052 Nam
575 2992 726 3071 plurimum
741 2991 849 3065 refert,
872 2991 920 3068 qui
941 2990 997 3049 sint
1012 2989 1185 3051 audientium

185 3090 298 3150 mores,
315 3088 389 3154 quaa
402 3075 521 3153 publice
535 3083 656 3154 recepta
673 3074 843 3152 persuasio,
860 3081 890 3132 ut
905 3071 955 3134 illa
971 3075 1184 3152 maximequae

186 3157 310 3236 probant
326 3177 393 3218 esse
408 3161 437 3220 in
453 3177 507 3235 eo,
527 3160 575 3236 qui
590 3156 767 3232 laudabitur,
785 3157 919 3232 aredmt,
935 3167 983 3218 aut
999 3160 1029 3217 in
1045 3174 1102 3234 eo,
1117 3173 1184 3216 can·

186 3249 231 3301 tra
253 3259 339 3320 quem
361 3242 506 3317 dicemus,
531 3257 565 3300 ea
588 3257 663 3320 quae
686 3239 817 3301 odarum.
863 3239 906 3301 lta
927 3257 985 3302 non
1001 3241 1116 3302 dubium
1132 3242 1186 3300 erit

144 3331 180 3388 tt
187 3323 337 3401 iudicium,
355 3327 432 3403 quod
448 3325 608 3386 orationem
622 3325 829 3403 praecesserit.
859 3323 1002 3403 »Ipsorum
1018 3326 1102 3385 etiam
1119 3341 1184 3402 per·

188 3408 336 3468 miscenda
363 3408 427 3468 laus
455 3423 588 3488 semper,
615 3426 679 3469 nam
703 3410 734 3470 id
758 3407 912 3470 benivolos
940 3407 1025 3478 iacit;
1051 3409 1185 3488 quotiens

187 3499 284 3550 autem
298 3490 361 3548 heri
377 3493 501 3568 poterit,
528 3509 593 3552 cum
612 3495 751 3554 materiae
769 3493 892 3554 utilitate
906 3492 1059 3572 iungenda.
1092 3491 1184 3552 hlium
1289 3497 1290 3506 ’
