2570 3946
402 221 814 300 rusr.0asroa.u1a.1,e.
1072 220 1114 281 43
1207 289 1219 306 ‚

110 387 179 445 tium
202 381 290 443 nolim
312 385 340 443 in
362 382 530 462 quibusdam
553 384 744 460 interpretari.
776 384 879 463 Elegia
902 402 990 461 uero,
1014 387 1113 465 utique

112 485 168 546 qua
181 477 270 542 amat,
294 476 323 527 et
341 465 595 540 hendecasyllabi,
617 468 664 544 qui
682 476 747 527 aunt
765 479 904 529 commata
920 469 1114 530 Sotadeorum

112 551 193 630 (nam
213 552 250 611 de
269 551 403 610 Sotadeis
425 568 462 608 ne
483 549 718 628 praecipiendum
739 553 853 630 quidem
876 555 936 632 est)
960 571 1113 621 amovean-

111 645 173 712 tur,
194 635 218 694 si
237 635 300 694 lieri
316 643 430 713 potest;
454 636 477 692 si
495 635 603 708 minus,
627 644 707 694 certe
725 636 761 696 ad
778 636 885 696 firmius
903 639 1006 697 aetatis
1024 637 1114 696 robur

109 727 308 778 reserventur.
349 715 541 792 Comoediae,
565 734 639 795 quae
662 719 812 796 plurimum
834 721 971 781 conferre
993 722 1029 781 ad
1051 721 1112 780 elu—
1103 729 1139 784 -i

111 805 257 889 quantiam
284 809 398 879 potest,
428 819 491 860 cum
511 816 564 900 per
590 817 691 862 omnes
711 813 742 863 et
769 821 910 881 personas
940 813 969 863 et
991 806 1112 865 allectus

110 895 177 962 eat,
197 902 284 963 quem
298 904 379 945 usum
401 887 429 944 in
447 887 544 962 pueris
565 895 678 964 putem,
704 889 791 966 paulo
814 899 882 966 post
904 905 956 947 suo
981 889 1048 949 loco
1071 888 1112 949 di·

111 987 189 1036 cam:
219 986 281 1028 narn
305 987 369 1030 cum
391 985 487 1028 mores
508 970 537 1027 in
559 979 621 1028 tuto
643 970 765 1047 luerint,
792 973 868 1031 inter
889 974 1047 1052 praecipua
1070 972 1112 1032 le·

108 1053 206 1130 ganda
219 1054 282 1112 erit.
291 1051 350 1113 De
363 1053 519 1112 Menandro
532 1052 647 1131 loquor,
661 1072 716 1116 nec
729 1064 824 1116 tmueu
838 1056 1013 1117 excluserim
1026 1055 1111 1116 alios.

196 1136 268 1196 Nam
285 1136 376 1196 Latini
398 1154 515 1236 quoque
538 1148 674 1197 auctores
697 1139 819 1198 afferent
840 1139 970 1199 utilitatis
994 1138 1138 1218 aliquid&

111 1220 170 1281 Sed
190 1222 304 1298 pueris,
328 1238 403 1298 quae
417 1222 541 1279 maxime
558 1222 703 1298 ingenium
723 1223 801 1282 alant
819 1231 907 1300 atque
924 1225 1045 1282 animum
1063 1240 1111 1282 au·

109 1313 216 1382 geant,
244 1303 456 1382 praelegenda3
489 1305 612 1380 ceteris,
640 1323 714 1383 quae
742 1306 777 1365 ad
806 1305 998 1365 eruditionem
1025 1305 1112 1366 modo

111 1388 274 1467 pertinent,
297 1387 386 1464 longa
409 1397 489 1447 aetas
512 1390 635 1466 spatium
655 1387 742 1448 dabit:
776 1385 894 1464 Multum
916 1399 1011 1450 autern
1030 1393 1111 1450 vete·

111 1490 160 1530 res
183 1472 270 1530 etiam
286 1469 377 1530 Latini
397 1471 564 1546 conferunt,
588 1471 766 1572 (quanquam
789 1473 924 1552 plerique
943 1475 1008 1553 plus
1020 1471 1111 1551 'inge-

112 1557 161 1614 nio
183 1571 267 1653 quarn
284 1563 348 1613 arte
364 1553 564 1654 valuerunt)
555 1557 694 1653 imprimis
711 1559 825 1634 copiam
845 1557 1016 1633 verborum,
1041 1573 1112 1636 quo

111 1656 173 1698 rum
185 1639 214 1697 in
222 1637 387 1737 tragoediis
405 1640 549 1715 gravitas,
569 1640 597 1697 in
617 1640 776 1700 comoediis
794 1641 939 1718 elegantia
952 1651 981 1701 et
997 1641 1112 1740 quidam

110 1712 230 1783 velut'
213 1713 379 1800 αιτικισμὸς
398 1723 519 1781 inveniri
540 1731 647 1800 potest.
684 1721 863 1784 Oeconomia
882 1742 1002 1826 quoque
1021 1727 1050 1784 in
1067 1719 1136 1790 bisc

110 1807 279 1882 diligentior
291 1823 375 1884 quam
387 1807 415 1864 in
428 1805 577 1883 plerisque
594 1823 734 1866 uovorum
752 1810 822 1883 erit,
841 1810 889 1886 qui
904 1811 1028 1868 omnium
1041 1824 1111 1886 ope·

111 1907 173 1948 rum
196 1888 288 1947 solam
308 1891 442 1949 virtutem
464 1893 622 1950 sententias
645 1900 827 1968 putaverunt.
865 1893 1009 1951 Sanctitas
1031 1898 1112 1950 certe

112 1983 159 2049 et,
182 1980 213 2030 ut
234 1973 277 2030 sic
299 1972 409 2048 dicam,
432 1972 554 2032 virilitas
575 1972 610 2033 ab
634 1975 669 2032 iis
691 1973 824 2052 petendu·
839 1984 900 2049 est,
924 1974 1038 2053 quando
1057 1990 1111 2033 uos

110 2059 140 2116 in
157 2057 251 2115 omnia
268 2055 435 2116 deliciarum
453 2057 522 2116 vitia
539 2057 652 2117 dicendi
668 2074 785 2136 quoque
799 2059 912 2118 ratione
930 2059 1110 2126 deduximus.

111 2140 246 2217 Denique
264 2139 415 2200 credamus
433 2142 549 2200 summis
563 2142 743 2217 oratoribus,
767 2144 814 2221 qui
833 2151 963 2202 veterum
977 2149 1156 2220 poematalo

111 2224 159 2284 vel
182 2223 218 2282 ad
239 2223 324 2284 iidem
345 2242 495 2284 causarum
513 2225 561 2286 vel
584 2226 619 2286 ad
641 2236 839 2286 ornamentum
860 2227 1046 2306 eloquentiae
1065 2244 1111 2285 as·

110 2315 234 2368 sumunt
261 2306 334 2368 Nam
350 2311 509 2386 praecipue
527 2310 642 2386 quidem
657 2309 732 2388 apud
746 2307 929 2386 Ciceronem,
943 2311 1152 2389 frequenterll

112 2401 207 2451 tamen
235 2390 311 2469 apud
332 2389 462 2451 Asinium
488 2395 575 2453 etiam
597 2402 626 2452 et
649 2403 783 2469 ceteros,
812 2398 860 2472 qui
884 2402 950 2453 sunt
976 2394 1111 2473 proximi,

114 2474 234 2533 vidimus
256 2472 356 2549 Ennii,
385 2474 485 2550 Accii,
511 2474 645 2551 Pacuvii,
673 2476 792 2553 Lucilii,
821 2478 966 2552 Terentii,
991 2475 1112 2538 Caecilii

110 2565 143 2617 et
162 2556 310 2616 aliorum'
302 2559 390 2616 mseri
405 2575 526 2632 versus,
550 2578 658 2620 summa
676 2576 733 2619 non
752 2560 920 2621 eruditionis
938 2560 1025 2619 modo
1046 2577 1112 2636 gra·

112 2643 152 2702 tia
174 2640 227 2702 sed
248 2641 335 2700 etiarn
351 2639 549 2715 iucunditatis,
575 2641 638 2702 cum
660 2645 785 2720 poeticis
807 2642 1004 2721 voluptatibus
1027 2659 1112 2702 aures

110 2743 128 2786 a
151 2724 262 2784 lorensi
284 2725 442 2802 asperitate
464 2727 617 2802 respirant.
655 2725 767 2799 Quibus
789 2726 904 2787 accedit
925 2744 982 2786 non
1003 2728 1157 2790 medio-12

112 2810 170 2868 cris
193 2809 319 2884 utilitas,
350 2825 413 2868 cnm
436 2811 587 2869 sententiis
607 2826 708 2869 eorum
736 2810 817 2870 velut
840 2810 1008 2890 quibusdam
1031 2813 1112 2870 testi·

111 2895 233 2968 moniis,
259 2910 335 2971 quae
355 2909 555 2971 proposuere,
585 2893 765 2955 confirment.
806 2894 914 2956 Verum
942 2897 1039 2974 priora
1062 2894 1112 2954 illa

112 2976 149 3037 ad
175 2993 283 3055 pueros
306 2977 414 3054 magis,
443 2977 517 3037 baec
542 2981 694 3056 sequentia
718 2977 754 3038 ad
781 2979 963 3040 robustiores
986 2980 1112 3058 pertine·

112 3059 199 3135 bunt,
224 3079 288 3120 cnm
310 3062 512 3137 grammatices
536 3079 617 3122 arnor
639 3072 668 3122 et
696 3081 765 3123 usus
791 3065 925 3124 lectionis
947 3080 1004 3122 non
1026 3061 1112 3120 sciro·

113 3143 205 3202 larum
225 3144 404 3222 temporibus
427 3145 478 3206 sed
501 3147 579 3206 vitae
601 3147 695 3224 spatio
719 3149 917 3208 terminentur

197 3225 229 3285 ln
243 3226 441 3305 praelegendo
453 3232 657 3306 grammaticus
670 3239 700 3290 et
714 3229 764 3290 illa
777 3232 892 3310 quidem
906 3231 1016 3288 minora
1029 3243 1157 3306 prae-13

112 3319 192 3370 stare
214 3309 348 3384 debebit,
369 3319 404 3370 ut
429 3321 528 3390 partes
551 3315 691 3374 orationis
715 3314 798 3374 reddi
825 3313 879 3374 sibi
904 3313 1003 3372 soluto
1025 3330 1113 3372 versu

111 3393 262 3456 desideret
288 3402 317 3453 et
338 3393 443 3471 pedum
471 3399 684 3474 proprietates,
716 3416 790 3474 quae
818 3398 891 3457 adeo
917 3395 1024 3456 debent
1046 3415 1113 3456 esse

112 3488 200 3538 nolae
219 3479 248 3538 in
271 3477 460 3545 carminibus,
482 3482 614 3541 utetiam
635 3482 807 3540 incentoria
831 3482 1041 3551 compositione
1064 3481 1114 3539 de·
