2608 3948
210 218 269 279 170
524 229 885 288 rr.ssu.ou1rtu1u1aur
962 235 967 244 ι

208 405 269 446 rum
280 385 337 446 dici
349 384 474 444 celerius
490 391 598 462 potest,
615 383 668 443 sed
683 382 789 444 sullicit
804 382 903 445 dicere
918 387 1039 467 sporta
1049 383 1206 461 scopant

207 467 245 530 m
268 469 401 547 quotiens
422 468 516 528 exitus
540 467 584 526 rei
604 467 674 526 satis
698 464 824 526 ostendit
846 467 958 544 priora,
987 463 1125 525 debemus
1148 465 1208 527 boe

166 556 275 612 laesae
292 553 436 627 contenti,
452 567 510 630 quo
526 549 639 649 reliqua
653 549 861 626 intelliguntur.
894 548 1008 624 Quare,
1026 565 1090 608 cum
1106 548 1208 610 dicere

207 639 310 713 liceat,
330 632 472 698 Estmibi
485 633 595 711 filios
582 635 719 711 ιοοοοίο,
745 633 838 694 omnia
857 633 908 693 illa
925 649 1122 711 supervacua:
1144 629 1207 694 Oo-

205 722 300 800 pidua
321 738 376 799 eqo
396 719 560 781 liberorum
580 718 821 795 coacescat,
843 723 949 779 aotam
969 715 1064 794 filium
1085 717 1206 794 metali,

207 803 396 877 educavi,
384 822 417 862 ιιι
435 802 673 863 adolescentiam
692 801 836 880 perduci.
877 798 1008 898 Ideoque
1029 797 1206 860 Graecorum

206 887 295 965 aliqui
310 885 425 946 aliud
399 885 597 946 circumcisam
613 885 824 964 expositionem
839 884 867 944 id
884 892 929 943 est
944 876 1105 960 ον’νιομον,
1128 882 1206 944 aliud

205 969 325 1030 brevem
351 976 538 1046 putaremut;
569 969 656 1068 qnod·
671 967 722 1030 illa
749 967 938 1046 supervacuis
966 975 1100 1043 careret,
1130 964 1206 1027 haec

164 1055 310 1132 ltposset
324 1051 432 1131 aliquid
454 1069 492 1112 ex
506 1053 682 1112 necessariis
698 1051 877 1112 desiderare.
911 1048 973 1110 Nos
994 1059 1090 1111 autem
1108 1049 1205 1110 brevi-

206 1145 294 1196 tatem
314 1137 342 1194 in
362 1134 421 1197 hoc
441 1136 590 1214 ponimus,
617 1152 675 1195 uon
700 1142 731 1194 ut
752 1135 844 1194 minus
866 1134 919 1194 sed
945 1151 982 1193 ne
1005 1133 1071 1213 plus
1093 1133 1207 1194 dicatur
1293 1165 1294 1170 κ

205 1236 290 1298 quarn
312 1227 457 1299 oporteat.
495 1217 568 1280 Natu
587 1221 759 1280 iterationes
782 1209 897 1297 quidem
918 1226 948 1276 et
966 1217 1154 1316 ταυτολογίας
1175 1226 1206 1277 et

204 1302 439 1383 ιιεριοοολογίος,
462 1320 534 1380 quas
549 1303 578 1361 in
591 1303 756 1362 narratione
768 1301 899 1362 vitandas
916 1299 1029 1380 quidam
1043 1302 1205 1380 scriptores

205 1386 317 1446 Artium
331 1385 519 1461 tradiderunt,
537 1394 670 1454 trauseo;
687 1394 753 1446 sunt
767 1385 841 1445 enim
855 1382 931 1444 liaeo
942 1385 1010 1445 vitia
1025 1401 1083 1444 ιιοιι
1096 1392 1206 1445 tantum

163 1469 356 1532 llbrevitatis
371 1469 465 1545 gratia
481 1468 662 1545 refugienda.
697 1467 764 1528 Non
777 1469 868 1528 minus
884 1475 979 1528 autem
994 1467 1122 1528 cavenda
1138 1468 1204 1545 erit,

205 1568 280 1631 quae
295 1551 408 1611 nimirun
426 1551 617 1630 corripientes
633 1553 726 1613 omnia
743 1553 883 1631 sequitur,
903 1551 1082 1626 obscuritas,
1099 1553 1204 1611 satius
1293 1573 1294 1582 ¹

205 1653 263 1715 que
283 1643 328 1695 est
346 1634 454 1713 aliquid
469 1637 624 1698 narrationi
645 1653 906 1715 superessequam
920 1635 1036 1695 deesse.
1066 1597 1141 1696 l'iaru
1157 1653 1205 1694 su-

205 1715 351 1797 pervacua
366 1737 433 1788 cum,
445 1719 541 1780 taedio
559 1721 708 1796 dicuntur,
725 1719 893 1780 necessaria
908 1737 972 1778 cum
987 1718 1120 1798 periculo
1136 1717 1204 1778 sub-

162 1801 363 1866 45trahuntur.
401 1801 499 1875 Quare
519 1803 634 1865 vitanda
655 1811 701 1862 est
720 1804 805 1864 etiam
829 1800 879 1863 illa
902 1801 1094 1879 Sallustiana,
1115 1820 1204 1882 quan-

205 1904 289 1966 quam
310 1887 339 1946 in
360 1888 425 1965 ipso
450 1887 562 1948 virtutis
583 1886 680 1947 locum
699 1885 825 1962 obtinet,
850 1884 978 1945 brevitas
1001 1894 1031 1945 et
1052 1885 1205 1964 abruptura

205 1971 345 2030 sermonis
357 1987 461 2048 genus,
476 1971 553 2049 quod
566 1971 691 2031 otiosum
704 1970 831 2030 fortasse
846 1969 988 2029 lectorem
1003 1971 1094 2030 minus
1109 1968 1203 2045 lallat,

205 2053 367 2114 audientem
381 2052 551 2128 transvolat,
567 2071 623 2113 nec
635 2054 700 2115 dum
710 2059 861 2131 repetatur
867 2053 1023 2131 'expectem
1040 2069 1104 2113 cum
1118 2069 1204 2130 prae·

103 2131 106 2136 ’
202 2137 304 2195 sertim
323 2136 419 2195 lector
439 2152 496 2195 non
517 2136 581 2195 fere
601 2138 639 2195 sit
660 2136 714 2195 nisi
737 2135 884 2212 emditus‚
904 2136 1027 2197 iudicem
1049 2153 1118 2195 rura
1140 2135 1203 2215 ple-

203 2235 324 2295 rumque
344 2218 522 2278 indecorius
542 2219 652 2280 mittant
667 2219 704 2279 de
721 2236 757 2280 eo
778 2221 1042 2299 pronuntiaturum,
1068 2219 1147 2298 quod
1162 2237 1204 2280 ιιι,

204 2300 368 2369 tellexerit;
388 2309 419 2360 ut
433 2300 559 2362 fortasse
580 2301 765 2383 ubicunque,
785 2305 814 2365 in
828 2304 992 2364 narratione
1008 2312 1104 2364 tamen
1118 2319 1204 2382 prae·
1293 2355 1294 2358 ,

205 2386 306 2463 cipue,
321 2383 416 2445 media
432 2385 505 2446 baec
519 2386 643 2447 tenenda
659 2388 697 2447 sit
709 2389 757 2448 via
772 2385 901 2463 dicendi,
920 2394 1091 2464 quantum
1112 2403 1204 2466 opus

162 2472 277 2545 tuest,
299 2477 472 2548 quantum
488 2479 545 2530 sat
565 2480 632 2530 est.
664 2469 806 2544 Quantum
822 2487 896 2548 opus
918 2479 963 2530 est
978 2480 1073 2531 autem
1091 2487 1148 2531 non
1163 2471 1205 2530 ita

204 2553 298 2631 accipi
319 2551 412 2614 solum
426 2553 513 2628 volo,
534 2563 668 2633 quantum
687 2553 921 2615 adiudicandum
941 2554 1063 2629 suflicit,
1084 2556 1150 2632 quia
1174 2563 1205 2613 et

203 2653 262 2697 uon
282 2637 412 2696 inornata
432 2635 521 2698 debet
541 2655 608 2698 esse
628 2637 773 2714 brevitas,
796 2637 904 2715 alioqui
925 2637 963 2697 sit
982 2636 1113 2707 indocta;
1138 2654 1204 2698 narn

205 2728 234 2778 et
250 2719 324 2779 fallit
341 2719 476 2799 voluptas
493 2730 522 2781 et
538 2723 630 2781 minus
646 2721 734 2798 longa
750 2738 824 2800 quae
842 2720 989 2782 delectant
1005 2720 1153 2796 videntur,
1173 2727 1204 2780 ut
1293 2725 1294 2736 ¹

205 2817 355 2861 amoenum
371 2819 405 2861 ac
422 2803 510 2865 molle
528 2806 600 2880 iter,
620 2806 732 2865 etiamsi
753 2814 799 2865 est
815 2805 902 2883 spatii
923 2803 1090 2884 amplioris,
1110 2805 1203 2865 minus

161 2885 196 2942 47
203 2884 305 2961 fatigat
320 2902 404 2962 quam
419 2886 518 2947 durum
533 2889 699 2966 aridumque
716 2887 924 2967 compendium.
952 2886 1055 2968 Neque
1069 2887 1136 2948 mibi
1151 2905 1203 2946 ιιιι-

205 2985 289 3046 quam
306 2975 384 3028 tauta
399 2968 486 3032 fuerit
501 2987 569 3031 cura
574 2971 745 3046 brevitatis,
761 2979 792 3031 ut
806 2987 865 3030 ιιοιι
880 2988 925 3047 ea,
942 2989 1017 3050 quae
1033 2971 1204 3032 credibilem

203 3051 311 3112 iaciunt
327 3054 549 3131 expositionem,
567 3056 656 3114 inserr
649 3053 767 3114 'velim
796 3053 927 3133 Simplex
942 3056 1016 3116 enim
1032 3063 1062 3116 et
1076 3055 1204 3133 undique

203 3136 338 3214 praecisa
364 3153 421 3196 non
449 3146 506 3197 tam
527 3139 652 3200 narratio
681 3137 781 3197 vocari
804 3145 904 3216 potest
933 3156 1017 3217 quam
1041 3139 1201 3199 confessio.

204 3217 275 3280 Sunt
298 3235 386 3298 porro
410 3220 516 3281 multae
537 3221 738 3283 condicione
729 3237 793 3299 tpsa
814 3223 859 3282 rei
881 3220 989 3300 longae
1008 3224 1202 3297 narrationes,

203 3300 307 3378 quibus
324 3311 453 3363 extrema
471 3302 517 3381 (ut
530 3303 686 3385 praecepi)
705 3306 848 3383 prooemii
863 3314 946 3384 parte
963 3306 999 3368 ad
1014 3308 1204 3367 intentionenr

178 3387 418 3464 „praeparandus
434 3393 480 3445 est
495 3385 595 3455 iudex;
618 3387 722 3448 deinde
740 3388 910 3464 curandum,
931 3398 962 3449 ut
979 3392 1054 3450 omni
1071 3399 1134 3450 arte
1151 3386 1203 3448 vel

159 3474 239 3528 lber
260 3468 353 3545 spatio
376 3470 437 3528 eius
458 3467 639 3530 demahaurus
661 3469 768 3551 aliquid
783 3470 832 3532 vel
853 3489 891 3532 ex
905 3471 1012 3533 taedio.
1052 3471 1091 3532 Ut
1107 3473 1201 3532 minim
