2592 3940
184 209 247 274 218
501 222 865 283 numerosarum

184 395 258 458 quas
271 395 367 456 neque
384 379 544 456 generatim
558 376 675 438 tradere
685 385 730 437 sat
742 386 805 455 est,
823 395 887 438 oum
899 395 938 438 er
949 376 1080 457 qualibet
1091 393 1195 440 etrum

182 459 398 522 innumerabilis
419 469 654 539 argumentorum
675 463 761 540 eopia
785 463 908 531 orimum
934 477 1035 540 neque
1051 478 1108 542 per
1131 462 1194 522 sin·

183 545 267 623 gulas
289 545 406 624 speoies
428 545 534 622 exequi
557 545 682 623 patiatur
701 553 802 606 nutura
822 561 934 621 remur,
960 545 1109 625 quonam
1125 555 1195 606 sunt

182 629 283 690 faeere
305 629 417 704 sonan,
444 628 501 687 duo
523 629 633 705 pariter
655 627 804 688 subierunt
822 628 1021 705 inoommoia‚
1044 637 1075 688 ut
1096 636 1127 688 et
1148 630 1192 688 ni·

124 713 267 774 lblmiuur
284 712 416 773 dioerent
435 728 491 770 neo
512 719 608 770 tamen
627 719 728 770 totum.
771 710 842 771 lude
856 711 989 790 plurimi,
1009 729 1074 772 oum
1090 712 1192 774 iubos

182 795 406 874 inexplicabiles
428 793 549 872 laqueos
570 794 747 871 inciderunt,
775 811 904 870 omnem,
935 796 1021 855 etiarn
1043 811 1129 874 quem
1153 814 1192 856 ex

181 880 299 957 iugenio
322 894 375 937 suo
398 885 532 956 poterant
552 876 678 954 babere,
704 885 837 937 sonatum
857 878 939 938 reiut
961 880 1072 939 astrioti
1100 881 1192 939 oertis

183 963 281 1040 legum
295 961 419 1021 rinoulis
433 960 636 1041 perdiderunt,
661 969 690 1020 et
704 962 872 1040 magistrum
892 963 1086 1040 respioientes
1108 971 1191 1023 natu·

125 1053 243 1107 lotram
266 1045 370 1104 duoem
396 1045 480 1124 sequi
503 1044 661 1104 desierunt.
705 1042 779 1104 Nam
802 1053 834 1105 ut
853 1062 908 1123 per
927 1062 962 1104 se
981 1061 1042 1105 noa
1063 1045 1192 1106 suiioie.

183 1130 277 1206 seire,
304 1144 403 1189 omues
426 1127 615 1208 probationes
637 1135 686 1188 aut
709 1145 725 1188 a
746 1129 880 1207 personis
902 1137 951 1188 aut
971 1145 989 1189 a
1009 1128 1190 1208 rebusvpeti

183 1214 251 1291 quia
271 1222 425 1293 utrumque
444 1214 473 1272 in
492 1212 575 1291 plura
601 1210 751 1271 dividitur:
776 1213 816 1272 ita
839 1229 878 1272 ex
897 1211 1139 1273 anteoedeutibus
1161 1222 1193 1273 et

183 1297 287 1356 innotis
303 1304 333 1357 et
348 1295 535 1375 sequentibus
553 1295 691 1355 trahenda
707 1312 776 1355 esse
787 1304 955 1373 argumenta
967 1297 1015 1374 qui
1026 1299 1190 1375 acceperit,

186 1397 251 1440 num
266 1382 396 1459 protinus
412 1382 441 1439 in
457 1380 514 1439 boo
532 1381 569 1438 sit
583 1380 756 1454 instructus,
779 1387 825 1454 ut,
849 1378 919 1459 quid
933 1380 961 1439 in
973 1396 1091 1458 quaque
1101 1397 1191 1440 eausa

125 1470 175 1526 1o3
184 1462 345 1522 ducendum
361 1464 398 1522 sit
414 1480 452 1522 ex
469 1462 531 1537 bis,
554 1459 650 1522 soiat?
673 1463 862 1540 praesertim,
885 1480 949 1523 oum
964 1463 1107 1542 plurimae
1121 1480 1177 1543 pro
1278 1501 1279 1506 κ

181 1545 314 1606 bationes
336 1547 365 1605 in
384 1547 449 1625 ipso
471 1562 621 1606 causarum
636 1545 793 1624 complexu
808 1547 1008 1624 reperiantur,
1031 1548 1118 1607 itaut
1134 1549 1192 1607 siut

181 1645 246 1689 oum
266 1629 323 1690 alia
343 1628 395 1690 lite
414 1628 491 1691 uuila
514 1645 696 1704 communes,
720 1646 833 1707 eaeque
849 1630 905 1689 sint
921 1638 950 1690 et
968 1631 1191 1709 potentissimae

184 1721 214 1773 et
234 1714 348 1773 minime
366 1713 487 1789 obviae,
514 1715 580 1792 quia
598 1713 758 1773 eommunia
772 1730 810 1772 en
825 1713 993 1793 praeceptis
1009 1715 1189 1792 aooepimns,

125 1799 303 1876 rorpropria
330 1798 501 1859 invenienda
526 1805 601 1856 sunt.
651 1795 715 1856 Hoo
738 1813 831 1874 genus
858 1806 1092 1874 argumentorum
1119 1813 1192 1858 saue

184 1880 315 1940 dieamus
334 1897 379 1941 ex
401 1881 697 1956 oireumstantia,
720 1882 786 1958 quia
799 1879 970 1960 περίστασιν
986 1881 1087 1943 dioere
1104 1880 1191 1941 aliter

183 1981 241 2024 nou
267 1981 439 2044 possumus,
467 1964 516 2025 rel
542 1982 580 2024 ex
599 1965 649 2040 iis,
679 1981 753 2042 quae
776 1966 917 2042 cuiusque
940 1981 1047 2026 oausae
1069 1967 1191 2044 propria

184 2056 264 2108 sunt:
287 2057 318 2107 ut
333 2050 362 2107 in
376 2047 428 2108 illo
443 2047 575 2109 adultero
590 2047 761 2124 saeerdote,
785 2048 833 2126 qui
847 2047 932 2126 lege,
956 2065 1013 2128 qua
1027 2049 1112 2108 unius
1128 2067 1190 2108 ser-

183 2131 269 2190 vandi
283 2138 458 2208 potestatem
478 2129 621 2206 babebat,
644 2148 678 2190 ee
694 2131 758 2209 ipse
774 2148 893 2191 serrare
910 2130 1019 2207 voluit,
1040 2135 1192 2211 proprium

184 2216 405 2274 oortroversiae
427 2223 474 2273 est
493 2215 608 2289 dicere,
639 2211 708 2275 Non
733 2232 827 2276 unum
846 2221 1006 2276 nocentem
1025 2216 1191 2292 servabas,

184 2298 259 2376 quio
286 2304 316 2358 te
343 2298 469 2360 dimisso
490 2296 665 2359 adulteram
696 2298 840 2360 occidere
864 2318 927 2360 non
952 2299 1076 2361 iioebot.
1126 2297 1192 2360 ilos

186 2382 261 2442 euim
282 2390 479 2459 argumentum
501 2381 551 2441 lex
571 2381 662 2457 iaoit,
691 2399 765 2460 quae
787 2380 924 2461 probibet
945 2380 1105 2443 aduiteram
1127 2384 1191 2442 sius

125 2471 176 2527 105
186 2463 319 2525 adultero
341 2464 489 2525 oooidere.
533 2463 571 2524 lit
592 2464 660 2540 illa,
683 2466 711 2524 iu
733 2483 789 2543 qua
810 2465 867 2526 lata
889 2465 939 2526 lex
953 2473 1016 2541 est,
1037 2475 1068 2526 ut
1086 2483 1191 2544 argen-

184 2548 249 2608 tarii
268 2548 411 2610 dimidium
432 2567 469 2608 ex
489 2564 543 2623 eo,
573 2548 651 2626 quod
673 2547 834 2625 debebant,
860 2548 1025 2618 solvoreut;
1050 2549 1193 2610 creditum

184 2649 267 2692 suum
287 2641 378 2693 totum
401 2635 563 2709 exigerent.
608 2631 800 2709 Argentarius
822 2631 857 2692 ab
880 2634 1047 2711 argentario
1066 2633 1193 2694 solidum

185 2717 267 2795 petit.
313 2715 463 2794 Proprium
486 2733 523 2775 ex
543 2717 663 2775 materia
677 2725 723 2776 est
739 2725 937 2793 argumentum
953 2715 1126 2793 proditoris,
1149 2714 1192 2776 iti·

186 2800 266 2857 oiroo
288 2797 431 2858 adiectum
451 2815 519 2858 esse
534 2800 562 2858 in
578 2799 663 2876 lege,
686 2807 717 2858 ut
731 2802 911 2876 argentarius
929 2808 1020 2860 toturn
1038 2801 1190 2877 exigeret:

186 2880 327 2942 adversus
345 2881 419 2942 alios
437 2883 512 2941 enim
527 2899 584 2942 non
601 2899 674 2961 opus
690 2881 781 2942 fuisse
797 2883 882 2960 lege,
907 2899 971 2944 oum
988 2899 1192 2961 ornneeprae·

126 2971 318 3042 luiterquam
339 2963 374 3024 ab
397 2967 568 3043 argentariis
589 2974 680 3026 totum
703 2966 839 3042 exigendi
858 2968 902 3025 ius
920 2965 1071 3026 baberent.
1118 2964 1193 3027 Gum

183 3048 271 3108 muita
287 3056 382 3108 autem
396 3057 538 3110 novantur
551 3052 579 3109 in
594 3050 670 3109 omni
685 3064 795 3126 genere
806 3053 944 3110 materiae
958 3057 1017 3110 tum
1029 3051 1193 3129 praeeipue

184 3133 267 3191 iniis
288 3132 522 3210 quaestionibus,
552 3149 627 3210 quae
647 3133 757 3210 scripto
780 3141 929 3210 oonstant,
950 3135 1017 3211 quia
1038 3151 1145 3194 rooum
1160 3143 1193 3195 et

185 3216 215 3274 in
229 3215 350 3294 singulis
367 3216 537 3294 ambiguitas
551 3215 691 3292 frequens
707 3221 737 3274 et
753 3214 846 3276 atibuo
864 3219 892 3277 iu
906 3219 1069 3277 oouiuuotis
1083 3219 1189 3295 magis.

127 3303 178 3362 10⁷
186 3297 225 3358 Et
243 3299 318 3360 baeo
339 3302 402 3379 ipsa
422 3300 545 3378 plurium
565 3297 663 3375 legum
684 3297 843 3360 aliorumve
859 3302 1034 3380 seriptorum
1051 3300 1101 3360 rel
1119 3317 1190 3361 oon-

185 3386 348 3460 gmentium
363 3382 413 3442 vei
427 3383 645 3460 repugnantium
661 3382 815 3460 oompiexu
830 3385 978 3445 varientur
992 3401 1119 3446 neeesse
1131 3393 1189 3461 est,
1276 3379 1277 3440 ἶ

186 3481 249 3524 oum
269 3483 318 3524 res
339 3466 383 3524 rei
406 3473 454 3525 aut
474 3467 519 3525 ius
534 3465 603 3524 iuris
621 3466 703 3543 quasi
717 3467 828 3543 signum
843 3475 899 3527 est.
944 3465 1013 3529 Non
1028 3466 1121 3530 debttt'
1135 3468 1192 3532 tibi
1276 3473 1277 3562 ζ
