2592 3940
400 235 839 306 nusu.oaason.o1o.v1,1.
1060 219 1135 294 aot*

119 392 196 452 ximo
212 391 242 451 in
256 389 312 453 lrac
332 399 415 470 parto
430 390 520 453 debet
534 408 671 452 crescere
691 394 800 462 oratio;
820 395 901 472 quia,
915 396 1052 476 quidquid
1065 416 1125 460 non

120 475 217 537 adiicit
232 474 396 554 prioribus,
419 477 505 536 etiam
528 474 684 537 detrahere
704 476 837 554 videtur,
861 487 891 538 et
910 478 999 541 iacile
1023 482 1124 543 delicit

120 557 261 635 allectus,
283 561 332 638 qui
353 558 513 620 descendit.

202 641 270 703 Non
287 642 383 703 solum
397 651 492 704 autem
513 643 637 706 diceudo
653 643 706 704 sed
727 645 813 706 etiam
834 645 1012 709 iaciendo
1034 659 1166 727 qnae-30

118 727 184 788 dam
197 727 333 788 lacrimas
348 744 514 802 movemus,
525 727 609 789 undo
626 737 656 787 et
677 728 842 807 producere
861 731 959 808 ipsos,
979 732 1027 809 qni
1045 734 1122 810 peri-

120 811 271 888 clitentur,
298 811 447 891 squalidos
476 819 563 890 atque
593 811 739 874 delormes
768 822 797 874 et
824 813 935 875 liberos
961 831 1062 875 eornm
1088 834 1123 877 ac

118 903 256 974 parentes
276 896 453 972 institutum,
477 905 507 956 et
526 895 563 956 ab
586 896 804 957 accusatoribus
825 907 973 959 cruentum
994 898 1123 976 gladium

119 977 234 1039 ostendi
248 988 278 1039 et
292 979 371 1040 lecta
386 979 583 1041 cvnlneribus
600 996 669 1041 ossa
681 991 710 1042 et
722 990 822 1041 vestes
833 983 974 1060 sauguine
986 982 1122 1062 perfusas

119 1062 264 1139 ridemus,
292 1073 323 1124 ct
348 1064 470 1124 vulnera
501 1064 628 1140 resolvi,
662 1063 817 1126 verberata
847 1083 973 1144 corpora
1009 1067 1120 1129 nudari.

119 1144 245 1220 Quarum
258 1165 355 1208 rerum
370 1149 474 1226 lugens
498 1148 670 1226 plerumque
687 1148 794 1208 visast
813 1148 937 1209 velutin
954 1167 1017 1209 rem
1036 1162 1161 1228 prae-31

119 1239 230 1290 sentem
255 1233 364 1292 animos
383 1232 527 1292 hominum
548 1230 728 1306 ducentium,
754 1240 785 1291 ut
800 1232 940 1311 populum
962 1232 1122 1294 Romanum

118 1315 179 1391 egit
203 1315 233 1373 in
258 1314 387 1374 inrorom
414 1322 567 1393 praetexta
594 1311 627 1374 C.
656 1311 791 1375 Caesaris
815 1315 946 1395 praelata
968 1318 998 1376 in
1018 1316 1121 1377 lunare

118 1405 247 1457 cruenta.
292 1396 641 1458 Sciebatnrinterlectom
662 1416 743 1474 cunr,
766 1416 873 1478 corpus
889 1400 1014 1479 deniquo
1027 1401 1122 1479 ipsum

117 1481 282 1559 impositum
300 1480 380 1541 lecto
399 1490 477 1557 erat,
501 1490 531 1541 at
550 1483 641 1542 vestis
656 1490 752 1542 tamen
771 1483 822 1544 illa
842 1485 982 1560 sanguiue
1002 1484 1122 1545 madens

116 1566 157 1626 ita
176 1565 409 1644 repraesentavit
427 1565 581 1642 imaginem
606 1565 745 1642 sceleris,
770 1576 801 1627 ut
826 1583 884 1627 non
910 1570 1026 1628 occisos
1053 1586 1121 1629 esse

118 1644 229 1709 Gaesar
244 1649 297 1709 sed
308 1657 367 1709 tum
380 1650 502 1709 maximo
513 1648 609 1710 occidi
622 1649 780 1710 videretur.
826 1651 885 1711 Sed
899 1667 957 1710 non
970 1651 1037 1711 ideo
1053 1661 1164 1730 pro-32

117 1731 262 1808 laverim,
283 1732 361 1812 quod
374 1732 482 1793 iactum
500 1741 529 1793 et
544 1733 614 1810 lego
634 1735 743 1812 etipse
764 1733 918 1812 aliquando
940 1733 1013 1810 vidi,
1039 1735 1120 1814 depi-

118 1824 193 1878 ctam
210 1816 308 1878 tabula
323 1833 410 1896 supra
424 1817 529 1877 lovem
543 1817 697 1895 imaginem
715 1818 775 1893 rei,
801 1819 881 1877 onius
904 1818 1057 1878 atrocitate
1078 1819 1121 1878 iu·

115 1901 176 1961 don
193 1909 256 1961 erat
270 1901 504 1962 commovendus.
551 1900 633 1975 Quae
651 1901 726 1963 enim
742 1908 788 1960 est
799 1902 907 1962 actoris
922 1901 1055 1978 infantia,
1072 1903 1120 1979 qni

115 1992 222 2044 mamm
242 1984 320 2045 illam
342 1985 470 2063 elligiem
492 1985 584 2062 magis
605 2002 690 2065 qnam
714 1986 875 2045 orationem
901 2000 955 2062 pro
982 2003 1015 2044 sa
1039 1994 1121 2064 putet

117 2065 299 2129 locuturam?
341 2068 382 2129 dt
423 2068 527 2129 sordes
559 2077 589 2129 et
629 2068 797 2150 squalorem
830 2078 860 2129 et
894 2069 1163 2148 propinquorumaa

117 2168 235 2232 quoqne
248 2153 370 2215 similem
386 2152 514 2214 habiturn
529 2155 592 2213 acio
607 2153 771 2232 proluissa,
788 2161 819 2214 et
837 2170 970 2230 magnum
994 2156 1030 2216 ad
1044 2152 1120 2214 saln-

116 2244 175 2295 tem
194 2247 367 2298 momontum
388 2253 495 2316 proces
516 2237 659 2298 attulisse.
705 2238 802 2313 Quare
826 2246 855 2296 et
877 2237 1044 2298 obsecratio
1069 2236 1120 2298 illa

116 2319 241 2384 iudicum
259 2338 314 2399 per
329 2322 476 2381 carissima
493 2323 633 2398 pignora,
656 2323 755 2399 utique
777 2323 802 2380 si
817 2329 847 2380 et
865 2337 919 2381 reo
940 2328 1006 2380 sont
1023 2319 1119 2396 libori,

117 2405 241 2479 coniux,
257 2412 412 2482 parentes,
428 2403 506 2462 utilis
522 2405 591 2470 erit;
614 2413 644 2462 et
658 2403 779 2463 deorum
796 2403 881 2462 etiam
907 2404 1053 2464 invocatio
1067 2421 1119 2462 ve·

116 2486 159 2547 lnt
175 2505 213 2547 ex
229 2487 496 2549 bonaconsoientia
509 2485 644 2564 proiecta
666 2486 758 2546 videri
781 2486 873 2554 solet;
896 2494 1016 2548 stratum
1040 2486 1162 2552 doni-34

117 2588 174 2649 que
189 2574 288 2631 iacere
308 2579 338 2630 et
351 2586 447 2647 genua
466 2569 637 2648 amplecti,
656 2571 710 2630 nisi
725 2572 755 2643 si
770 2579 865 2630 tamen
879 2585 1005 2650 persona
1019 2587 1073 2630 nos
1089 2579 1119 2630 et

117 2663 249 2716 anteacta
275 2656 335 2714 vita
362 2663 392 2713 et
415 2654 459 2712 rei
485 2653 619 2714 condicio
645 2652 822 2732 prohibebit.
868 2654 1016 2729 Quaedam
1044 2654 1120 2713 enirn

117 2747 174 2798 tam
189 2737 305 2798 lortitor
319 2737 425 2798 tuenda
440 2754 524 2815 qnam
538 2737 615 2797 iacta
629 2744 704 2797 sunt.
748 2737 856 2797 Verum
868 2739 912 2797 sic
926 2736 1059 2798 habenda
1074 2745 1120 2796 cst

117 2823 297 2884 auctoritatis
311 2823 397 2898 ratio,
413 2838 451 2880 ne
462 2822 500 2880 sit
514 2822 606 2881 invisa
623 2821 775 2881 securitas.
808 2819 873 2880 Fuit
888 2821 1030 2900 quondam
1045 2822 1160 2887 inter35

116 2906 307 2968 haecomnia
331 2906 579 2985 potentissimum,
603 2921 660 2983 quo
680 2903 712 2964 t..
734 2902 881 2965 lluronam
900 2902 1007 2966 cicero
1032 2923 1119 2966 accu-

117 2989 245 3051 santibus
267 2991 435 3052 clarissimis
456 2990 527 3050 viris
546 2990 689 3067 eripuisse
711 2989 871 3070 praecipue
897 2989 1028 3064 videtur,
1052 3005 1119 3067 per·

118 3074 283 3152 suasitque,
306 3075 376 3136 nihil
399 3093 467 3135 csse
493 3073 528 3134 ad
556 3081 740 3152 praesentem
767 3093 863 3136 rerum
888 3081 992 3134 statum
1021 3071 1119 3132 utilius

119 3173 203 3235 quam
217 3157 310 3236 pridie
331 3155 475 3220 Galendas
496 3157 643 3219 lanuarias
663 3159 777 3237 ingredi
800 3157 988 3219 consulatum.
1033 3153 1120 3229 Quod

117 3258 211 3320 genus
232 3242 339 3302 nostris
361 3242 539 3320 temporibus
561 3252 652 3304 totum
675 3259 770 3324 paene
796 3241 938 3302 sublatum
964 3247 1027 3314 est,
1055 3255 1119 3298 cunr

119 3325 213 3386 omnia
229 3342 316 3385 curae
330 3325 500 3405 tutelaeque
515 3327 598 3387 unius
618 3327 715 3388 innixa
737 3324 897 3406 periclitari
917 3323 998 3385 nullo
1021 3322 1119 3384 iudicii

117 3409 197 3471 exitu
214 3410 336 3488 possint.

201 3493 247 3555 De
262 3493 480 3557 accusatoribus
498 3503 529 3555 et
543 3495 602 3555 reis
617 3513 680 3555 sum
695 3494 827 3572 locutus,
850 3491 916 3572 quia
935 3492 964 3552 in
980 3488 1160 3572 periculisac
