2608 3948
194 184 253 246 114
510 196 547 243 u.
559 195 639 244 nnn.
655 194 877 254 ournnrnmnr

163 352 283 416 sescnti
298 359 420 428 uocant,
437 349 466 410 id
484 357 530 412 est
545 337 670 426 νομικὸν
685 358 716 409 et
730 341 858 428 λογικὸν.
891 347 970 410 Idem
986 351 1127 429 sentiunt,
1144 354 1195 432 qui

191 451 303 495 omnem
319 433 520 514 quaestionem
535 441 645 512 ponunt
658 433 687 492 in
701 434 795 496 rebus
811 440 840 495 et
855 434 883 492 iu
898 435 1010 495 verbis.

274 517 347 580 ltem
365 519 517 593 conuenit,
542 517 730 594 quaestiones
745 533 813 576 esse
829 525 877 576 ant
896 515 1066 578 infinitas
1081 528 1130 579 aut
1145 520 1193 582 li·

189 605 296 664 nitas.
334 601 466 662 latinitas
481 608 563 677 sunt,
585 617 661 678 qnae
677 601 798 660 remotis
813 602 948 678 personis
965 609 995 660 et
1011 603 1193 680 temporibus

190 695 220 748 et
237 686 312 747 locis
331 686 497 764 ceterisque
521 682 662 746 similibus
677 686 706 744 in
722 693 874 763 utramque
891 693 1003 763 partem
1020 693 1191 766 tractantur,

189 769 267 850 quod
284 767 388 830 Graeci
405 767 516 830 θέσιν
533 767 648 844 dicunt,
672 765 778 830 cicero
799 771 1004 848 propositum,
1030 767 1078 829 alii
1094 786 1191 849 quna-

187 856 301 916 stioncs
316 852 507 915 uniuersales
525 852 639 929 ciuiles,
657 851 706 912 clii
721 855 915 930 quaestiones
925 853 1104 932 pbilosopbo
1117 874 1191 918 cun-

163 938 356 1013 occnientcs,
378 935 546 998 Athenaeus
560 943 682 1015 portem
703 954 820 1000 consue
841 936 982 1016 appellat.
1017 936 1081 998 lloc
1095 956 1190 1017 genus

139 1085 141 1088 .
188 1018 295 1082 Cicero
320 1020 443 1083 scientia
464 1028 494 1080 et
517 1021 633 1080 actione
654 1018 819 1098 distinguit,
844 1029 874 1082 ut
895 1023 932 1082 sit
955 1022 1112 1099 scientiae,
1141 1017 1192 1084 An

183 1105 382 1186 providentio
405 1106 538 1168 mundus
565 1105 716 1184 reputor?
741 1105 879 1181 actionis,
906 1102 956 1166 An
976 1107 1192 1179 accedendum

186 1187 231 1252 od
248 1188 470 1268 rempublicam
488 1189 791 1251 administrandum?
825 1187 907 1249 Prius
930 1189 1013 1249 trium
1036 1207 1191 1267 generum,

186 1291 223 1335 sn
238 1269 296 1334 sit?
316 1272 384 1350 quid
399 1270 456 1334 sit?
479 1271 566 1352 quale
588 1269 645 1332 sit?
667 1273 762 1333 omnia
783 1273 857 1332 enim
878 1273 952 1333 baec
970 1274 1098 1349 ignorari
1119 1291 1189 1353 pos·

186 1366 267 1426 sunt;
289 1373 418 1434 sequens
440 1356 577 1432 duorum,
591 1371 658 1434 ‘quo
677 1355 764 1416 modo
786 1351 998 1434 adipiscamur?
1020 1373 1078 1436 quo
1100 1358 1191 1420 modo

161 1437 319 1506 tutamur?
356 1438 467 1501 linitae
486 1448 581 1501 autem
596 1449 662 1500 sunt
677 1458 716 1500 ex
735 1438 890 1518 complexu
912 1457 1025 1516 rerum,
1047 1457 1190 1518 persona-

184 1542 263 1602 rum,
286 1531 464 1606 temporum,
488 1532 726 1605 ceterorumque;
748 1541 824 1602 quae
846 1515 1004 1597 ὑποθέσεις
1028 1541 1045 1585 a
1068 1523 1191 1586 Graecis

186 1610 336 1688 dicuntur,
359 1625 495 1670 causae
512 1625 529 1668 a
544 1610 661 1668 nostris.
701 1607 733 1667 ln
754 1607 798 1668 his
814 1609 906 1667 omnis
924 1608 1057 1686 quaestio
1074 1609 1190 1669 videtur

159 1695 266 1760 acirca
281 1711 330 1754 res
353 1705 557 1771 personasque
577 1694 749 1753 consistere.
787 1689 921 1769 Amplior
940 1699 986 1750 est
1008 1709 1125 1770 semper
1145 1694 1186 1753 in·

129 1793 140 1814 ·
185 1778 280 1854 linita,
300 1776 367 1839 inde
383 1779 457 1838 enim
473 1775 552 1838 inita
566 1776 728 1838 descendit.
768 1773 853 1848 Quod
873 1783 904 1835 ut
920 1775 1057 1854 exemplo
1075 1784 1187 1854 pateat,

184 1861 292 1923 inlicita
308 1869 364 1938 est,
381 1858 431 1922 An
444 1879 525 1926 umor
542 1861 709 1924 ducendo?
726 1857 815 1934 linita,
831 1855 880 1920 An
897 1855 1006 1920 Catoni
1021 1861 1189 1922 ducendo?

184 1947 312 2024 ideoque
328 1963 395 2006 esse
411 1946 543 2006 suasoria
559 1952 666 2023 potest.
697 1943 756 2004 Sed
773 1943 858 2002 etiam
871 1951 1003 2004 remotae
1019 1961 1036 2003 a
1051 1943 1189 2022 personis

184 2031 311 2109 propriis
335 2029 371 2090 ad
393 2028 502 2107 aliquid
526 2029 630 2089 referri
655 2025 760 2086 solent.
797 2023 851 2086 Est
874 2027 948 2086 enim
973 2026 1113 2107 simplex,
1138 2024 1189 2087 An

185 2113 363 2191 respublica
384 2113 657 2176 administrando?
677 2111 804 2172 refertur
822 2111 857 2170 ad
880 2110 1003 2188 aliquid,
1027 2115 1078 2174 Au
1094 2114 1126 2174 in
1142 2121 1186 2192 tp-

159 2196 318 2258 oranntdc
338 2195 611 2260 administrando?
642 2194 701 2256 Sed
723 2194 771 2254 bic
789 2211 906 2273 quoquc
924 2193 1025 2256 subest
1041 2195 1123 2256 velut
1144 2195 1186 2256 la·

183 2290 248 2341 tens
264 2296 401 2358 persona,
418 2290 556 2358 tyrannus
568 2280 644 2340 enim
659 2279 786 2356 geminat
799 2279 1009 2356 quaestionem,
1026 2279 1188 2360 subestque

184 2373 214 2425 et
228 2365 368 2443 temporis
385 2374 415 2425 et
436 2365 582 2445 qualitatis
599 2363 687 2423 tacita
707 2363 767 2431 vis;
789 2362 914 2422 nondum
931 2371 1027 2424 tamen
1042 2363 1099 2424 boc
1116 2380 1185 2443 pro-

183 2449 247 2527 prie
269 2447 380 2509 dixeris
403 2466 528 2510 causam.
573 2446 635 2507 Hae
659 2455 771 2522 autem,
795 2463 867 2526 quas
889 2447 1012 2508 infinitas
1034 2464 1128 2523 voco,
1156 2456 1188 2506 et

182 2533 339 2611 generales
355 2532 555 2612 appellantur;
578 2530 655 2610 quod
673 2532 698 2591 si
722 2539 768 2592 est
784 2548 901 2607 verum,
924 2530 1022 2592 linitae
1037 2530 1188 2610 speciales

184 2625 276 2677 erunt.
322 2615 354 2678 ln
379 2617 455 2677 omni
477 2622 572 2676 autem
593 2615 716 2694 speciali
736 2616 836 2693 utique
863 2617 939 2675 inest
961 2615 1127 2692 generalis,
1154 2623 1187 2673 nt

142 2711 259 2779 loquae
275 2702 313 2762 sit
327 2701 416 2779 prior.
456 2700 501 2762 Ac
518 2701 620 2760 nescio
634 2718 672 2762 an
687 2700 716 2758 in
731 2699 827 2760 causis
844 2716 979 2778 qnoque,
1003 2699 1140 2778 quidquid
1157 2699 1188 2758 in

184 2786 384 2864 quaestionem
404 2786 483 2845 venit
505 2784 668 2864 qualitatis,
698 2782 838 2861 generale
862 2784 907 2843 sit.
950 2781 1023 2845 Milo
1047 2780 1188 2844 Clodium

183 2867 313 2948 occidit,
340 2869 409 2931 iure
436 2869 550 2932 occidit
574 2869 806 2935 insidiatorcms
827 2883 922 2926 nonne
947 2866 1004 2928 boc
1026 2867 1185 2946 quaeritur,

183 2948 231 3014 An
251 2954 292 3016 sit
312 2954 362 3015 ius
379 2953 593 3015 insidiatorem
613 2950 799 3013 occidendi?
836 2947 910 3024 Quid
933 2953 962 3010 in
986 2946 1186 3011 coniecturis?

183 3052 241 3096 non
260 3036 311 3097 illa
327 3036 495 3114 generalia,
516 3032 565 3098 An
586 3053 685 3098 ccusu
704 3035 833 3096 sceleris
853 3035 981 3097 odium?
1006 3035 1187 3114 cupiditas?

182 3116 231 3182 An
255 3123 411 3183 tormentis
432 3120 642 3182 credendum?
674 3117 810 3180 Testibus
823 3138 867 3181 nn
885 3121 1074 3198 argumentis
1088 3119 1187 3180 maior

86 3235 88 3240 v
181 3202 261 3282 tides
275 3203 442 3268 babendo?
463 3203 536 3264 Nam
551 3203 678 3264 linitione
694 3203 810 3282 quidem
824 3201 1031 3282 comprehendi
1046 3202 1116 3263 nihil
1127 3218 1186 3264 non

142 3297 173 3348 11
183 3287 213 3346 in
227 3289 409 3364 universum,
433 3297 544 3350 certum
560 3289 625 3348 erit.
664 3286 785 3362 Quidam
800 3295 901 3366 putant
917 3287 1003 3348 etiam
1026 3305 1076 3348 eas
1092 3286 1185 3347 thesis

184 3386 274 3448 posse
295 3370 449 3450 aliquando
473 3373 631 3449 nominari,
660 3390 735 3451 qnae
757 3372 892 3450 personis
914 3373 1068 3450 causisque
1092 3368 1185 3430 conti-

182 3461 319 3530 neantur,
339 3453 424 3519 aliter
439 3455 634 3520 tantummodo
650 3457 778 3535 positas:
800 3463 832 3516 nt
848 3470 935 3516 cansa
950 3455 1002 3532 sit,
1025 3471 1090 3517 cum
1109 3449 1185 3516 Ors-
