2592 3940
409 219 842 290 nter.our0mn1n.v1,a.
916 209 920 218 '
1063 208 1124 273 273

121 380 252 530 pietanti,
268 374 342 455 Sto,
359 377 467 456 nque,
479 377 576 456 petia,
600 384 746 455 tunquam
767 374 914 438 (laeuam
928 376 1126 440 candidatum.

151 483 197 528 em
212 462 284 524 illud
294 462 378 540 petia
391 458 553 537 ambignum
563 467 621 535 etl,
636 461 776 520 securitas
789 459 898 521 similis.
929 458 1014 534 Quod
1025 460 1124 522 baote·
1134 468 1170 524 ta

122 567 178 612 nuo
199 543 366 609 ostendisse
394 544 464 604 eatis
490 551 545 603 eet.
588 539 724 604 Getarum
737 543 982 622 'frequentissima
1005 543 1127 605 aliorum

8 649 10 708 ᾗ
123 647 267 711 generum
281 645 345 690 oum
359 627 423 690 aliie
441 625 564 688 mixtura
579 635 641 703 aet,
662 643 756 705 eaque
772 628 895 706 optima,
919 644 992 706 quiae
1009 645 1048 687 ex
1063 628 1126 707 plu·

123 714 203 776 ribus
219 719 342 774 abnatat.
377 709 486 772 Eadem
508 709 837 771 dissimiliumratio
858 720 913 770 eet.
944 710 1017 772 Hine
1034 728 1125 790 eques

8 833 15 858 r
123 798 289 872 Romanus,
306 793 344 856 ad
358 811 445 872 quem
459 794 488 854 in
503 793 681 872 speetaoulie
695 793 842 855 bibentem
855 811 919 855 oum
929 795 1056 855 misisset
1065 793 1126 853 Aa·

123 889 244 960 gustus,
268 879 316 958 qui
331 879 359 937 ei
373 875 501 953 uiueret,
523 873 591 956 Epo
610 879 639 940 ai
649 879 812 957 prandere
825 879 910 955 nolo,
931 880 1053 940 domum
1073 895 1126 940 eo:

126 963 172 1028 Tu
186 965 285 1039 enim,
307 962 412 1040 iuquit,
432 979 494 1022 non
516 961 615 1037 tmen,
636 981 676 1024 ue
696 961 795 1024 laeum
807 963 936 1041 perdar.
975 960 1022 1021 Ex
1042 973 1169 1028 oon-fit

125 1049 245 1110 trerio
274 1062 333 1107 non
356 1062 411 1105 uua
434 1045 561 1124 epeoiae.
596 1043 701 1122 Neque
731 1047 807 1104 enim
827 1044 931 1106 eodem
948 1044 1035 1106 modo
1053 1045 1128 1105 dixit
1165 1073 1168 1078 ·

124 1131 274 1209 Augustus
290 1129 460 1209 praelecto,
485 1145 570 1206 quem
592 1145 655 1188 oum
670 1129 824 1204 ignominia
837 1127 983 1204 mittebat,
1004 1127 1126 1189 subinde

8 1283 10 1292 ‚
124 1214 320 1294 interponenti
342 1212 495 1290 precibus,
522 1209 604 1284 Quid
623 1211 814 1290 reapondebo
829 1212 915 1292 palti
938 1213 1023 1274 meo?
1053 1209 1126 1286 Dio,

124 1318 173 1362 mo
190 1299 245 1362 titt
259 1296 474 1374 dtwdmo'om
489 1311 549 1372 quo
566 1293 657 1358 Galba
672 1294 807 1374 penulam
822 1297 952 1373 roganti:
972 1291 1041 1356 Noa
1053 1313 1126 1374 poe

123 1400 193 1446 tam
211 1379 421 1454 amandare,
438 1377 520 1441 domi
533 1397 659 1448 moneor
680 1396 744 1440 oum
764 1378 954 1440 coenaculum
974 1379 1036 1437 eiue
1059 1395 1126 1456 per·
1147 1407 1148 1410 π

125 1465 252 1547 plueret.
283 1459 410 1525 Tertium
424 1460 518 1524 adbuo
531 1461 616 1522 illud:
633 1461 800 1542 (siquidem,
815 1471 897 1523 utne
912 1471 1059 1523 aratorem
1073 1477 1126 1541 po·

126 1565 206 1623 eam,
228 1544 404 1608 verecundia
428 1546 519 1623 ipeiue
544 1545 635 1626 iacit)
657 1544 862 1610 Libidiooat'or
880 1565 914 1608 er
934 1561 1026 1624 quom
1046 1545 1127 1607 ulem

124 1633 244 1712 aporior
260 1646 318 1709 pro
333 1629 396 1690 eina
411 1626 497 1690 dnbio
514 1638 543 1690 et
558 1630 656 1708 opinio
678 1630 821 1710 deoipitnr
842 1629 895 1690 eed
909 1647 947 1690 ex
969 1630 1125 1689 corbario.

124 1715 163 1776 Et
180 1705 238 1776 boo'
261 1732 299 1774 ex
317 1712 420 1773 eodem
443 1712 511 1773 loeo
537 1721 583 1772 eet
606 1713 658 1774 eed
678 1713 749 1773 nulli
770 1715 898 1792 priorum
917 1711 1026 1788 simile,
1049 1711 1127 1790 quod

125 1800 197 1861 dixit
211 1796 249 1858 bt.
264 1797 419 1871 Vestinus,
443 1813 508 1856 oum
523 1797 551 1856 ei
566 1797 722 1857 nuntiatum
736 1804 832 1872 estet,
852 1792 1027 1874 Aliquando
1044 1796 1127 1858 tert-
1139 1803 1156 1838 *

8 1873 9 1881 ¹
124 1891 176 1946 rtet
194 1890 312 1961 pedere
352 1876 487 1939 onerabo
509 1879 611 1940 librum
631 1879 773 1958 exemplis
800 1880 981 1958 similemque
1010 1879 1171 1956 iie,qn165

124 1966 202 2026 risun
217 1967 311 2042 gratia
326 1971 553 2041 componuntur,
575 1962 717 2039 eitimam,
737 1963 762 2024 ei
778 1966 916 2043 persequi
931 1962 1053 2023 voluero
1070 1963 1125 2021 ein·

125 2048 195 2127 gula
209 2056 350 2110 veterum.

11 2207 14 2215 .
209 2129 256 2192 Ex
283 2129 414 2194 omuibus
443 2139 676 2208 argumentorum
707 2129 781 2190 looie
807 2129 908 2192 eadem
929 2130 1048 2198 oooeeio
1071 2136 1126 2188 eet.

12 2277 14 2284 ,
126 2214 198 2274 Nam
214 2224 242 2274 et
256 2215 433 2276 finitione
447 2231 516 2282 neue
532 2222 578 2276 eet
589 2214 738 2291 Augustus
753 2214 791 2275 da
805 2214 985 2295 pantomimis
1002 2210 1126 2288 duobus,

11 2289 15 2317 ⁹
127 2299 177 2376 qui
196 2295 316 2359 alteruis
333 2296 466 2374 gentibue
484 2297 713 2373 contendebant,
735 2315 799 2357 oum
811 2313 915 2357 eorum
930 2297 1051 2357 alterurn
1065 2295 1127 2356 mt-

15 2426 17 2442 .
126 2391 222 2450 torena
241 2380 312 2442 dixit
326 2379 448 2440 alterum
462 2380 737 2455 interpellatorem
757 2389 788 2439 et
801 2379 1008 2460 partitione
1023 2376 1125 2452 Galba,
1135 2383 1170 2438 66

128 2482 193 2526 oum
208 2461 342 2542 penulam
353 2463 467 2540 roganti
481 2463 643 2540 respondit,
658 2459 728 2524 Noa
735 2463 823 2542 plait,
834 2480 895 2524 noo
905 2479 983 2540 apua
997 2469 1042 2524 ert
1055 2460 1128 2531 ebt,-

11 2557 18 2612 .'
126 2550 155 2609 ai
165 2548 256 2626 pluit,
270 2547 338 2626 ipae
351 2555 433 2612 utor.
463 2544 587 2608 Proinde
606 2563 728 2625 genere,
749 2546 868 2625 speeie,
884 2547 1028 2624 propriis,
1047 2543 1127 2603 dide·

15 2625 19 2636 “
126 2629 269 2706 renibus,
284 2631 401 2708 iugalia,
419 2629 579 2706 adunatis,
597 2629 858 2708 consequentibus,
877 2626 1127 2702 anteoedantibue,

11 2721 12 2728 ’
127 2712 371 2793 repugnantibus,
389 2713 501 2791 cautis,
518 2714 649 2790 edentia,
669 2713 884 2791 eomparatione
897 2712 1023 2790 parium,
1039 2711 1126 2772 maio-

127 2815 206 2872 rum
226 2797 365 2856 minorum
384 2795 486 2857 similis
500 2798 620 2858 materia
636 2795 802 2876 praebetur.
845 2795 927 2856 Siout
946 2796 975 2856 in
995 2804 1127 2875 tropon

16 2933 19 2945 .
128 2897 245 2960 quoque
269 2897 369 2943 omnes
390 2879 476 2942 ondit.
512 2880 559 2941 An
579 2897 637 2941 non
659 2880 781 2960 plurimo
801 2869 876 2940 καθ’
899 2870 1067 2961 ὑπερβολὴν
1087 2877 1169 2940 ditil

128 2961 251 3027 cuntur?
275 2965 362 3045 quale
383 2964 475 3028 refert
499 2961 605 3026 Gioero
630 2964 667 3026 de
690 2963 806 3028 bomine
826 2962 1008 3043 praelongo,
1035 2969 1130 3040 eaput

13 3047 18 3056 ’
127 3049 255 3110 eumad
272 3049 422 3126 remeent
443 3045 574 3114 Fabitur
594 3048 770 3133 offendi-tam
804 3056 834 3109 et
859 3046 937 3126 quod
962 3045 994 3108 P.
1017 3041 1128 3123 Oppius

13 3130 16 3142 '
127 3129 200 3190 dixit
213 3129 251 3190 de
268 3147 379 3208 genere
393 3131 595 3211 Lentulorum,
612 3151 676 3197 oum
690 3132 806 3196 aenidue
819 3131 946 3192 minoren
961 3126 1129 3207 parentibus

127 3211 214 3274 liberi
229 3223 344 3292 errent,
362 3218 520 3284 ooaomrdo
539 3219 742 3284 interituram.
778 3212 853 3288 Quid
873 3209 1015 3274 ironia?
1034 3218 1171 3276 pometa

14 3383 15 3392 ψ
128 3297 558 3446 εῗὲπῑτῑῑΐῖῑῑῑᾞῖέὲ
571 3293 1129 3463 auritatae-utiterum

202 3433 206 3442 ⁴
355 3426 364 3460 t
664 3429 674 3461 t

129 3465 201 3528 sime
215 3465 352 3546 petierat,
372 3465 488 3540 deinde,
504 3466 656 3541 impetrata
673 3483 722 3548 ea,
740 3477 875 3546 tanguam
890 3473 1013 3528 ooaotue
1024 3481 1128 3544 guare·

169 3568 363 3620 narbonam„
925 3546 964 3610 18
1126 3603 1288 3902 Ἴ
