<?xml version="1.0" encoding="UTF-8"?>
<!DOCTYPE html PUBLIC "-//W3C//DTD XHTML 1.0 Transitional//EN"
    "http://www.w3.org/TR/xhtml1/DTD/xhtml1-transitional.dtd">
<html xmlns="http://www.w3.org/1999/xhtml" xml:lang="en" lang="en">
 <head>
  <title>
</title>
<meta http-equiv="Content-Type" content="text/html;charset=utf-8" />
  <meta name='ocr-system' content='tesseract 3.04.00' />
  <meta name='ocr-capabilities' content='ocr_page ocr_carea ocr_par ocr_line ocrx_word'/>
</head>
<body>
  <div class='ocr_page' id='page_1' title='image "./mfabiiquintilia19quingoog_0126.png"; bbox 0 0 2608 3948; ppageno 0'>
   <div class='ocr_carea' id='block_1_1' title="bbox 389 197 1113 278">
    <p class='ocr_par' dir='ltr' id='par_1_1' title="bbox 389 197 1113 278">
     <span class='ocr_line' id='line_1_1' title="bbox 389 197 1113 278; baseline -0.004 -17"><span class='ocrx_word' id='word_1_1' title='bbox 389 209 833 278; x_wconf 77' lang='lat' dir='ltr'>rusr.oanron.n1n.11,ar.</span> <span class='ocrx_word' id='word_1_2' title='bbox 1054 197 1113 258; x_wconf 83' lang='lat'>103</span> 
     </span>
    </p>
   </div>
   <div class='ocr_carea' id='block_1_2' title="bbox 29 364 1159 618">
    <p class='ocr_par' dir='ltr' id='par_1_2' title="bbox 29 353 1159 618">
     <span class='ocr_line' id='line_1_2' title="bbox 29 364 1115 452; baseline -0.009 -18"><span class='ocrx_word' id='word_1_3' title='bbox 29 405 32 412; x_wconf 95' lang='lat'>·</span> <span class='ocrx_word' id='word_1_4' title='bbox 113 393 176 438; x_wconf 81' lang='lat' dir='ltr'>cnm</span> <span class='ocrx_word' id='word_1_5' title='bbox 191 369 383 452; x_wconf 79' lang='lat' dir='ltr'>palaestrica,</span> <span class='ocrx_word' id='word_1_6' title='bbox 407 366 538 427; x_wconf 84' lang='lat' dir='ltr'>ciborum</span> <span class='ocrx_word' id='word_1_7' title='bbox 558 383 630 426; x_wconf 79' lang='lat' dir='ltr'>vero</span> <span class='ocrx_word' id='word_1_8' title='bbox 649 364 772 444; x_wconf 76' lang='lat' dir='ltr'><strong>qualitas</strong></span> <span class='ocrx_word' id='word_1_9' title='bbox 788 365 874 424; x_wconf 90' lang='lat' dir='ltr'>etiam</span> <span class='ocrx_word' id='word_1_10' title='bbox 890 383 954 425; x_wconf 92' lang='lat' dir='ltr'>cum</span> <span class='ocrx_word' id='word_1_11' title='bbox 977 381 1115 432; x_wconf 89' lang='lat' dir='ltr'>cocorum</span> 
     </span>
     <span class='ocr_line' id='line_1_3' title="bbox 113 448 1159 525; baseline -0.006 -6"><span class='ocrx_word' id='word_1_12' title='bbox 113 461 140 521; x_wconf 87' lang='lat' dir='ltr'>ei</span> <span class='ocrx_word' id='word_1_13' title='bbox 155 459 192 517; x_wconf 92' lang='lat' dir='ltr'>sit</span> <span class='ocrx_word' id='word_1_14' title='bbox 208 463 270 515; x_wconf 90' lang='lat' dir='ltr'>arte</span> <span class='ocrx_word' id='word_1_15' title='bbox 287 451 454 513; x_wconf 85' lang='lat' dir='ltr'>communis.</span> <span class='ocrx_word' id='word_1_16' title='bbox 493 451 579 524; x_wconf 84' lang='lat' dir='ltr'>Quod</span> <span class='ocrx_word' id='word_1_17' title='bbox 599 449 672 509; x_wconf 86' lang='lat' dir='ltr'>vero</span> <span class='ocrx_word' id='word_1_18' title='bbox 696 448 843 525; x_wconf 91' lang='lat' dir='ltr'>debono,</span> <span class='ocrx_word' id='word_1_19' title='bbox 862 448 943 525; x_wconf 90' lang='lat' dir='ltr'>utili,</span> <span class='ocrx_word' id='word_1_20' title='bbox 964 451 1040 509; x_wconf 91' lang='lat' dir='ltr'>iusto</span> <span class='ocrx_word' id='word_1_21' title='bbox 1057 449 1159 513; x_wconf 74' lang='lat' dir='ltr'>dis-12</span> 
     </span>
     <span class='ocr_line' id='line_1_4' title="bbox 112 531 1116 618; baseline -0.013 -14"><span class='ocrx_word' id='word_1_22' title='bbox 112 557 213 604; x_wconf 82' lang='lat' dir='ltr'>serere</span> <span class='ocrx_word' id='word_1_23' title='bbox 228 535 434 618; x_wconf 80' lang='lat' dir='ltr'>philosophiae</span> <span class='ocrx_word' id='word_1_24' title='bbox 455 534 583 595; x_wconf 85' lang='lat' dir='ltr'>officium</span> <span class='ocrx_word' id='word_1_25' title='bbox 600 551 668 594; x_wconf 88' lang='lat' dir='ltr'>esse</span> <span class='ocrx_word' id='word_1_26' title='bbox 688 533 806 610; x_wconf 80' lang='lat' dir='ltr'>dicunt,</span> <span class='ocrx_word' id='word_1_27' title='bbox 824 548 882 592; x_wconf 94' lang='lat' dir='ltr'>non</span> <span class='ocrx_word' id='word_1_28' title='bbox 899 531 1006 594; x_wconf 88' lang='lat' dir='ltr'>obstat.</span> <span class='ocrx_word' id='word_1_29' title='bbox 1043 531 1116 592; x_wconf 91' lang='lat' dir='ltr'>Nam</span> 
     </span>
    </p>
   </div>
   <div class='ocr_carea' id='block_1_3' title="bbox 4 617 1163 3529">
    <p class='ocr_par' dir='ltr' id='par_1_3' title="bbox 4 617 1163 3529">
     <span class='ocr_line' id='line_1_5' title="bbox 4 617 1114 702; baseline -0.013 -13"><span class='ocrx_word' id='word_1_30' title='bbox 4 673 7 700; x_wconf 75' lang='lat'>,</span> <span class='ocrx_word' id='word_1_31' title='bbox 112 643 175 688; x_wconf 90' lang='lat' dir='ltr'>cum</span> <span class='ocrx_word' id='word_1_32' title='bbox 197 619 403 702; x_wconf 88' lang='lat' dir='ltr'>philosophum</span> <span class='ocrx_word' id='word_1_33' title='bbox 425 617 539 695; x_wconf 91' lang='lat' dir='ltr'>dicunt,</span> <span class='ocrx_word' id='word_1_34' title='bbox 567 617 625 678; x_wconf 89' lang='lat' dir='ltr'>hoc</span> <span class='ocrx_word' id='word_1_35' title='bbox 646 619 739 696; x_wconf 90' lang='lat' dir='ltr'>accipi</span> <span class='ocrx_word' id='word_1_36' title='bbox 761 617 863 677; x_wconf 87' lang='lat' dir='ltr'>volunt</span> <span class='ocrx_word' id='word_1_37' title='bbox 885 619 976 677; x_wconf 88' lang='lat' dir='ltr'>virum</span> <span class='ocrx_word' id='word_1_38' title='bbox 998 617 1114 676; x_wconf 88' lang='lat' dir='ltr'>honum.</span> 
     </span>
     <span class='ocr_line' id='line_1_6' title="bbox 4 701 1117 785; baseline -0.009 -16"><span class='ocrx_word' id='word_1_39' title='bbox 4 702 7 712; x_wconf 46' lang='lat'><em>⁹</em></span> <span class='ocrx_word' id='word_1_40' title='bbox 111 709 210 785; x_wconf 81' lang='lat' dir='ltr'>Quare</span> <span class='ocrx_word' id='word_1_41' title='bbox 230 707 318 782; x_wconf 82' lang='lat' dir='ltr'>igitur</span> <span class='ocrx_word' id='word_1_42' title='bbox 339 711 502 777; x_wconf 90' lang='lat' dir='ltr'>oratorem,</span> <span class='ocrx_word' id='word_1_43' title='bbox 531 718 616 780; x_wconf 82' lang='lat' dir='ltr'>quem</span> <span class='ocrx_word' id='word_1_44' title='bbox 641 719 658 761; x_wconf 92' lang='lat' dir='ltr'>a</span> <span class='ocrx_word' id='word_1_45' title='bbox 679 701 756 761; x_wconf 85' lang='lat' dir='ltr'>bono</span> <span class='ocrx_word' id='word_1_46' title='bbox 777 703 841 760; x_wconf 87' lang='lat' dir='ltr'>viro</span> <span class='ocrx_word' id='word_1_47' title='bbox 863 718 921 761; x_wconf 92' lang='lat' dir='ltr'>non</span> <span class='ocrx_word' id='word_1_48' title='bbox 942 718 1067 780; x_wconf 88' lang='lat' dir='ltr'>separo,</span> <span class='ocrx_word' id='word_1_49' title='bbox 1089 701 1117 758; x_wconf 92' lang='lat' dir='ltr'>in</span> 
     </span>
     <span class='ocr_line' id='line_1_7' title="bbox 112 783 1159 864; baseline -0.011 -10"><span class='ocrx_word' id='word_1_50' title='bbox 112 793 215 854; x_wconf 90' lang='lat' dir='ltr'>eadem</span> <span class='ocrx_word' id='word_1_51' title='bbox 237 787 357 847; x_wconf 86' lang='lat' dir='ltr'>materia</span> <span class='ocrx_word' id='word_1_52' title='bbox 381 788 493 846; x_wconf 87' lang='lat' dir='ltr'>versari</span> <span class='ocrx_word' id='word_1_53' title='bbox 516 787 619 854; x_wconf 71' lang='lat' dir='ltr'>mirem</span> <span class='ocrx_word' id='word_1_54' title='bbox 642 801 705 845; x_wconf 91' lang='lat' dir='ltr'>cum</span> <span class='ocrx_word' id='word_1_55' title='bbox 728 784 902 864; x_wconf 85' lang='lat' dir='ltr'>praesertim</span> <span class='ocrx_word' id='word_1_56' title='bbox 924 786 1018 863; x_wconf 89' lang='lat' dir='ltr'>primo</span> <span class='ocrx_word' id='word_1_57' title='bbox 1041 783 1159 848; x_wconf 70' lang='lat' dir='ltr'>librata</span> 
     </span>
     <span class='ocr_line' id='line_1_8' title="bbox 111 867 1116 950; baseline -0.012 -13"><span class='ocrx_word' id='word_1_58' title='bbox 111 879 168 937; x_wconf 88' lang='lat' dir='ltr'>iam</span> <span class='ocrx_word' id='word_1_59' title='bbox 192 870 383 946; x_wconf 75' lang='lat' dir='ltr'>ostenderim,</span> <span class='ocrx_word' id='word_1_60' title='bbox 412 869 607 950; x_wconf 87' lang='lat' dir='ltr'>philosophos</span> <span class='ocrx_word' id='word_1_61' title='bbox 634 869 768 930; x_wconf 87' lang='lat' dir='ltr'>omissam</span> <span class='ocrx_word' id='word_1_62' title='bbox 792 869 866 930; x_wconf 92' lang='lat' dir='ltr'>hanc</span> <span class='ocrx_word' id='word_1_63' title='bbox 889 868 925 930; x_wconf 85' lang='lat' dir='ltr'>ab</span> <span class='ocrx_word' id='word_1_64' title='bbox 952 867 1116 929; x_wconf 89' lang='lat' dir='ltr'>oratoribus</span> 
     </span>
     <span class='ocr_line' id='line_1_9' title="bbox 111 952 1116 1040; baseline -0.009 -21"><span class='ocrx_word' id='word_1_65' title='bbox 111 967 224 1040; x_wconf 85' lang='lat' dir='ltr'>partem</span> <span class='ocrx_word' id='word_1_66' title='bbox 247 971 425 1034; x_wconf 78' lang='lat' dir='ltr'>occupasse,</span> <span class='ocrx_word' id='word_1_67' title='bbox 449 971 523 1033; x_wconf 90' lang='lat' dir='ltr'>quae</span> <span class='ocrx_word' id='word_1_68' title='bbox 546 953 710 1014; x_wconf 85' lang='lat' dir='ltr'>rhetorices</span> <span class='ocrx_word' id='word_1_69' title='bbox 730 955 850 1032; x_wconf 87' lang='lat' dir='ltr'>propria</span> <span class='ocrx_word' id='word_1_70' title='bbox 868 971 985 1032; x_wconf 88' lang='lat' dir='ltr'>semper</span> <span class='ocrx_word' id='word_1_71' title='bbox 1001 952 1116 1027; x_wconf 84' lang='lat' dir='ltr'>luisset,</span> 
     </span>
     <span class='ocr_line' id='line_1_10' title="bbox 112 1033 1118 1119; baseline -0.009 -16"><span class='ocrx_word' id='word_1_72' title='bbox 112 1052 142 1103; x_wconf 95' lang='lat' dir='ltr'>ut</span> <span class='ocrx_word' id='word_1_73' title='bbox 159 1041 202 1103; x_wconf 90' lang='lat' dir='ltr'>illi</span> <span class='ocrx_word' id='word_1_74' title='bbox 217 1041 315 1119; x_wconf 89' lang='lat' dir='ltr'>potius</span> <span class='ocrx_word' id='word_1_75' title='bbox 330 1038 359 1097; x_wconf 93' lang='lat' dir='ltr'>in</span> <span class='ocrx_word' id='word_1_76' title='bbox 377 1047 477 1098; x_wconf 91' lang='lat' dir='ltr'>nostra</span> <span class='ocrx_word' id='word_1_77' title='bbox 493 1039 613 1098; x_wconf 89' lang='lat' dir='ltr'>materia</span> <span class='ocrx_word' id='word_1_78' title='bbox 634 1033 810 1097; x_wconf 80' lang='lat' dir='ltr'>versentur?</span> <span class='ocrx_word' id='word_1_79' title='bbox 848 1037 983 1115; x_wconf 89' lang='lat' dir='ltr'>Denique</span> <span class='ocrx_word' id='word_1_80' title='bbox 1002 1037 1118 1096; x_wconf 83' lang='lat' dir='ltr'>comsit</span> 
     </span>
     <span class='ocr_line' id='line_1_11' title="bbox 112 1119 1119 1200; baseline -0.01 -13"><span class='ocrx_word' id='word_1_81' title='bbox 112 1125 281 1190; x_wconf 88' lang='lat' dir='ltr'>dialectices</span> <span class='ocrx_word' id='word_1_82' title='bbox 303 1123 423 1182; x_wconf 86' lang='lat' dir='ltr'>materia</span> <span class='ocrx_word' id='word_1_83' title='bbox 446 1122 483 1182; x_wconf 91' lang='lat' dir='ltr'>de</span> <span class='ocrx_word' id='word_1_84' title='bbox 504 1120 592 1182; x_wconf 89' lang='lat' dir='ltr'>rebus</span> <span class='ocrx_word' id='word_1_85' title='bbox 613 1120 753 1181; x_wconf 81' lang='lat' dir='ltr'>subiectis</span> <span class='ocrx_word' id='word_1_86' title='bbox 777 1120 941 1200; x_wconf 90' lang='lat' dir='ltr'>disputare,</span> <span class='ocrx_word' id='word_1_87' title='bbox 966 1119 1003 1181; x_wconf 89' lang='lat' dir='ltr'>sit</span> <span class='ocrx_word' id='word_1_88' title='bbox 1023 1127 1119 1180; x_wconf 89' lang='lat' dir='ltr'>autem</span> 
     </span>
     <span class='ocr_line' id='line_1_12' title="bbox 111 1204 1117 1283; baseline -0.01 -12"><span class='ocrx_word' id='word_1_89' title='bbox 111 1209 265 1271; x_wconf 88' lang='lat' dir='ltr'>dialectice</span> <span class='ocrx_word' id='word_1_90' title='bbox 282 1207 374 1266; x_wconf 92' lang='lat' dir='ltr'>oratio</span> <span class='ocrx_word' id='word_1_91' title='bbox 393 1207 527 1266; x_wconf 91' lang='lat' dir='ltr'>concisa·</span> <span class='ocrx_word' id='word_1_92' title='bbox 549 1223 600 1265; x_wconf 90' lang='lat' dir='ltr'>cur</span> <span class='ocrx_word' id='word_1_93' title='bbox 620 1221 679 1264; x_wconf 90' lang='lat' dir='ltr'>non</span> <span class='ocrx_word' id='word_1_94' title='bbox 700 1204 802 1265; x_wconf 92' lang='lat' dir='ltr'>eadem</span> <span class='ocrx_word' id='word_1_95' title='bbox 823 1211 984 1283; x_wconf 72' lang='lat' dir='ltr'>perpetuae</span> <span class='ocrx_word' id='word_1_96' title='bbox 1001 1219 1117 1282; x_wconf 87' lang='lat' dir='ltr'>quoque</span> 
     </span>
     <span class='ocr_line' id='line_1_13' title="bbox 110 1286 1112 1355; baseline -0.01 0"><span class='ocrx_word' id='word_1_97' title='bbox 110 1294 230 1355; x_wconf 87' lang='lat' dir='ltr'>materia</span> <span class='ocrx_word' id='word_1_98' title='bbox 245 1286 401 1352; x_wconf 77' lang='lat' dir='ltr'>rideatur?</span> <span class='ocrx_word' id='word_1_99' title='bbox 1105 1321 1112 1330; x_wconf 85' lang='lat'><em>·</em></span> 
     </span>
     <span class='ocr_line' id='line_1_14' title="bbox 115 1369 1160 1453; baseline -0.009 -16"><span class='ocrx_word' id='word_1_100' title='bbox 115 1407 119 1410; x_wconf 97' lang='lat'>·</span> <span class='ocrx_word' id='word_1_101' title='bbox 196 1375 281 1436; x_wconf 88' lang='lat' dir='ltr'>Solet</span> <span class='ocrx_word' id='word_1_102' title='bbox 296 1391 313 1432; x_wconf 89' lang='lat' dir='ltr'>n</span> <span class='ocrx_word' id='word_1_103' title='bbox 329 1372 499 1453; x_wconf 89' lang='lat' dir='ltr'>quibusdam</span> <span class='ocrx_word' id='word_1_104' title='bbox 516 1382 545 1433; x_wconf 89' lang='lat' dir='ltr'>et</span> <span class='ocrx_word' id='word_1_105' title='bbox 562 1373 633 1435; x_wconf 91' lang='lat' dir='ltr'>illud</span> <span class='ocrx_word' id='word_1_106' title='bbox 649 1375 774 1453; x_wconf 91' lang='lat' dir='ltr'>opponi:</span> <span class='ocrx_word' id='word_1_107' title='bbox 799 1369 939 1433; x_wconf 78' lang='lat' dir='ltr'>Omnium</span> <span class='ocrx_word' id='word_1_108' title='bbox 956 1372 1160 1451; x_wconf 69' lang='lat' dir='ltr'>lydiorum-14</span> 
     </span>
     <span class='ocr_line' id='line_1_15' title="bbox 111 1457 1118 1538; baseline -0.005 -15"><span class='ocrx_word' id='word_1_109' title='bbox 111 1464 185 1523; x_wconf 69' lang='lat' dir='ltr'>dom</span> <span class='ocrx_word' id='word_1_110' title='bbox 200 1461 322 1538; x_wconf 82' lang='lat' dir='ltr'>peritos</span> <span class='ocrx_word' id='word_1_111' title='bbox 341 1458 399 1517; x_wconf 86' lang='lat' dir='ltr'>erit</span> <span class='ocrx_word' id='word_1_112' title='bbox 417 1464 537 1536; x_wconf 83' lang='lat' dir='ltr'>orator,</span> <span class='ocrx_word' id='word_1_113' title='bbox 559 1460 588 1520; x_wconf 81' lang='lat' dir='ltr'>ri</span> <span class='ocrx_word' id='word_1_114' title='bbox 609 1459 649 1521; x_wconf 88' lang='lat' dir='ltr'>de</span> <span class='ocrx_word' id='word_1_115' title='bbox 669 1458 809 1520; x_wconf 73' lang='lat' dir='ltr'>ommibus</span> <span class='ocrx_word' id='word_1_116' title='bbox 829 1457 857 1517; x_wconf 81' lang='lat' dir='ltr'>ei</span> <span class='ocrx_word' id='word_1_117' title='bbox 878 1457 1043 1518; x_wconf 81' lang='lat' dir='ltr'>dicendum</span> <span class='ocrx_word' id='word_1_118' title='bbox 1056 1460 1118 1518; x_wconf 68' lang='lat' dir='ltr'>&#39;eat</span> 
     </span>
     <span class='ocr_line' id='line_1_16' title="bbox 111 1537 1118 1621; baseline -0.009 -15"><span class='ocrx_word' id='word_1_119' title='bbox 111 1543 232 1606; x_wconf 84' lang='lat' dir='ltr'>Possem</span> <span class='ocrx_word' id='word_1_120' title='bbox 248 1542 295 1604; x_wconf 83' lang='lat' dir='ltr'>iric</span> <span class='ocrx_word' id='word_1_121' title='bbox 313 1537 466 1600; x_wconf 75' lang='lat' dir='ltr'>ciceronis</span> <span class='ocrx_word' id='word_1_122' title='bbox 481 1541 663 1619; x_wconf 86' lang='lat' dir='ltr'>respondere</span> <span class='ocrx_word' id='word_1_123' title='bbox 678 1542 792 1617; x_wconf 85' lang='lat' dir='ltr'>verbis,</span> <span class='ocrx_word' id='word_1_124' title='bbox 811 1541 888 1619; x_wconf 90' lang='lat' dir='ltr'>apud</span> <span class='ocrx_word' id='word_1_125' title='bbox 904 1559 990 1621; x_wconf 86' lang='lat' dir='ltr'>quem</span> <span class='ocrx_word' id='word_1_126' title='bbox 1004 1540 1062 1601; x_wconf 90' lang='lat' dir='ltr'>lroc</span> <span class='ocrx_word' id='word_1_127' title='bbox 1077 1541 1118 1598; x_wconf 92' lang='lat' dir='ltr'>in·</span> 
     </span>
     <span class='ocr_line' id='line_1_17' title="bbox 111 1623 1119 1705; baseline -0.003 -18"><span class='ocrx_word' id='word_1_128' title='bbox 111 1629 216 1687; x_wconf 81' lang='lat' dir='ltr'>renio:</span> <span class='ocrx_word' id='word_1_129' title='bbox 233 1623 304 1686; x_wconf 78' lang='lat' dir='ltr'>dieu</span> <span class='ocrx_word' id='word_1_130' title='bbox 320 1625 443 1703; x_wconf 80' lang='lat' dir='ltr'>quidem</span> <span class='ocrx_word' id='word_1_131' title='bbox 457 1626 608 1686; x_wconf 80' lang='lat' dir='ltr'>sententio</span> <span class='ocrx_word' id='word_1_132' title='bbox 622 1644 710 1688; x_wconf 84' lang='lat' dir='ltr'>memo</span> <span class='ocrx_word' id='word_1_133' title='bbox 725 1643 792 1688; x_wconf 82' lang='lat' dir='ltr'>aare</span> <span class='ocrx_word' id='word_1_134' title='bbox 805 1627 918 1705; x_wconf 84' lang='lat' dir='ltr'>poterit</span> <span class='ocrx_word' id='word_1_135' title='bbox 931 1626 1011 1686; x_wconf 83' lang='lat' dir='ltr'>mani</span> <span class='ocrx_word' id='word_1_136' title='bbox 1025 1623 1119 1685; x_wconf 83' lang='lat' dir='ltr'>luade</span> 
     </span>
     <span class='ocr_line' id='line_1_18' title="bbox 112 1710 1120 1787; baseline -0.007 -14"><span class='ocrx_word' id='word_1_137' title='bbox 112 1711 286 1773; x_wconf 79' lang='lat' dir='ltr'>commictae</span> <span class='ocrx_word' id='word_1_138' title='bbox 315 1716 440 1784; x_wconf 83' lang='lat' dir='ltr'>orator,</span> <span class='ocrx_word' id='word_1_139' title='bbox 470 1710 533 1771; x_wconf 79' lang='lat' dir='ltr'>aiei</span> <span class='ocrx_word' id='word_1_140' title='bbox 561 1710 620 1770; x_wconf 81' lang='lat' dir='ltr'>cm&#39;t</span> <span class='ocrx_word' id='word_1_141' title='bbox 644 1711 776 1771; x_wconf 85' lang='lat' dir='ltr'>ommium</span> <span class='ocrx_word' id='word_1_142' title='bbox 803 1727 906 1770; x_wconf 85' lang='lat' dir='ltr'>reram</span> <span class='ocrx_word' id='word_1_143' title='bbox 935 1724 1120 1787; x_wconf 72' lang='lat' dir='ltr'>mapparum</span> 
     </span>
     <span class='ocr_line' id='line_1_19' title="bbox 72 1790 1118 1872; baseline -0.008 -17"><span class='ocrx_word' id='word_1_144' title='bbox 72 1831 80 1836; x_wconf 95' lang='lat'>-</span> <span class='ocrx_word' id='word_1_145' title='bbox 112 1803 204 1872; x_wconf 80' lang='lat' dir='ltr'>utque</span> <span class='ocrx_word' id='word_1_146' title='bbox 218 1794 331 1855; x_wconf 68' lang='lat' dir='ltr'>ormam</span> <span class='ocrx_word' id='word_1_147' title='bbox 346 1794 508 1854; x_wconf 78' lang='lat' dir='ltr'>scientium</span> <span class='ocrx_word' id='word_1_148' title='bbox 524 1799 724 1865; x_wconf 78' lang='lat' dir='ltr'>consecutum,-</span> <span class='ocrx_word' id='word_1_149' title='bbox 746 1793 799 1852; x_wconf 92' lang='lat' dir='ltr'>sed</span> <span class='ocrx_word' id='word_1_150' title='bbox 820 1792 888 1852; x_wconf 90' lang='lat' dir='ltr'>milri</span> <span class='ocrx_word' id='word_1_151' title='bbox 904 1793 975 1852; x_wconf 87' lang='lat' dir='ltr'>satis</span> <span class='ocrx_word' id='word_1_152' title='bbox 995 1800 1039 1850; x_wconf 88' lang='lat' dir='ltr'>est</span> <span class='ocrx_word' id='word_1_153' title='bbox 1056 1790 1118 1849; x_wconf 87' lang='lat' dir='ltr'>eius</span> 
     </span>
     <span class='ocr_line' id='line_1_20' title="bbox 113 1873 1161 1954; baseline -0.002 -19"><span class='ocrx_word' id='word_1_154' title='bbox 113 1895 181 1936; x_wconf 86' lang='lat' dir='ltr'>esse</span> <span class='ocrx_word' id='word_1_155' title='bbox 198 1884 346 1937; x_wconf 89' lang='lat' dir='ltr'>oratorem</span> <span class='ocrx_word' id='word_1_156' title='bbox 360 1877 420 1952; x_wconf 91' lang='lat' dir='ltr'>rei,</span> <span class='ocrx_word' id='word_1_157' title='bbox 444 1875 481 1936; x_wconf 93' lang='lat' dir='ltr'>de</span> <span class='ocrx_word' id='word_1_158' title='bbox 498 1893 553 1954; x_wconf 90' lang='lat' dir='ltr'>qua</span> <span class='ocrx_word' id='word_1_159' title='bbox 569 1875 662 1952; x_wconf 92' lang='lat' dir='ltr'>dicet,</span> <span class='ocrx_word' id='word_1_160' title='bbox 682 1893 740 1935; x_wconf 95' lang='lat' dir='ltr'>non</span> <span class='ocrx_word' id='word_1_161' title='bbox 757 1877 888 1935; x_wconf 91' lang='lat' dir='ltr'>inscium.</span> <span class='ocrx_word' id='word_1_162' title='bbox 926 1873 1030 1953; x_wconf 89' lang='lat' dir='ltr'>Neque</span> <span class='ocrx_word' id='word_1_163' title='bbox 1047 1875 1161 1933; x_wconf 77' lang='lat' dir='ltr'>enimlt</span> 
     </span>
     <span class='ocr_line' id='line_1_21' title="bbox 115 1955 1120 2039; baseline -0.006 -19"><span class='ocrx_word' id='word_1_164' title='bbox 115 1971 215 2020; x_wconf 86' lang='lat' dir='ltr'>omnes</span> <span class='ocrx_word' id='word_1_165' title='bbox 232 1976 334 2020; x_wconf 90' lang='lat' dir='ltr'>causas</span> <span class='ocrx_word' id='word_1_166' title='bbox 352 1961 448 2036; x_wconf 84' lang='lat' dir='ltr'>novit,</span> <span class='ocrx_word' id='word_1_167' title='bbox 469 1969 499 2019; x_wconf 92' lang='lat' dir='ltr'>et</span> <span class='ocrx_word' id='word_1_168' title='bbox 514 1958 603 2021; x_wconf 91' lang='lat' dir='ltr'>debet</span> <span class='ocrx_word' id='word_1_169' title='bbox 617 1976 708 2039; x_wconf 92' lang='lat' dir='ltr'>posse</span> <span class='ocrx_word' id='word_1_170' title='bbox 726 1961 763 2020; x_wconf 91' lang='lat' dir='ltr'>de</span> <span class='ocrx_word' id='word_1_171' title='bbox 780 1957 910 2018; x_wconf 89' lang='lat' dir='ltr'>omnibus</span> <span class='ocrx_word' id='word_1_172' title='bbox 926 1959 1036 2019; x_wconf 90' lang='lat' dir='ltr'>dicere.</span> <span class='ocrx_word' id='word_1_173' title='bbox 1074 1955 1120 2015; x_wconf 85' lang='lat' dir='ltr'>lle</span> 
     </span>
     <span class='ocr_line' id='line_1_22' title="bbox 114 2039 1119 2124; baseline -0.01 -16"><span class='ocrx_word' id='word_1_174' title='bbox 114 2043 218 2124; x_wconf 77' lang='lat' dir='ltr'>quibus</span> <span class='ocrx_word' id='word_1_175' title='bbox 237 2059 310 2120; x_wconf 77' lang='lat' dir='ltr'>ergo</span> <span class='ocrx_word' id='word_1_176' title='bbox 328 2040 428 2104; x_wconf 81' lang='lat' dir='ltr'>dicet?</span> <span class='ocrx_word' id='word_1_177' title='bbox 462 2042 507 2103; x_wconf 89' lang='lat' dir='ltr'>De</span> <span class='ocrx_word' id='word_1_178' title='bbox 524 2043 626 2122; x_wconf 86' lang='lat' dir='ltr'>quibus</span> <span class='ocrx_word' id='word_1_179' title='bbox 651 2044 758 2105; x_wconf 76' lang='lat' dir='ltr'>didicit.</span> <span class='ocrx_word' id='word_1_180' title='bbox 798 2042 936 2103; x_wconf 89' lang='lat' dir='ltr'>Similiter</span> <span class='ocrx_word' id='word_1_181' title='bbox 957 2041 993 2102; x_wconf 85' lang='lat' dir='ltr'>de</span> <span class='ocrx_word' id='word_1_182' title='bbox 1010 2039 1119 2102; x_wconf 88' lang='lat' dir='ltr'>artibus</span> 
     </span>
     <span class='ocr_line' id='line_1_23' title="bbox 114 2125 1119 2207; baseline -0.007 -18"><span class='ocrx_word' id='word_1_183' title='bbox 114 2125 247 2207; x_wconf 74' lang='lat' dir='ltr'>q&#39;uoque,</span> <span class='ocrx_word' id='word_1_184' title='bbox 264 2127 300 2186; x_wconf 92' lang='lat' dir='ltr'>de</span> <span class='ocrx_word' id='word_1_185' title='bbox 317 2127 421 2207; x_wconf 81' lang='lat' dir='ltr'>quibus</span> <span class='ocrx_word' id='word_1_186' title='bbox 438 2127 590 2188; x_wconf 92' lang='lat' dir='ltr'>dicendum</span> <span class='ocrx_word' id='word_1_187' title='bbox 606 2129 676 2204; x_wconf 92' lang='lat' dir='ltr'>erit,</span> <span class='ocrx_word' id='word_1_188' title='bbox 699 2129 814 2188; x_wconf 91' lang='lat' dir='ltr'>interim</span> <span class='ocrx_word' id='word_1_189' title='bbox 829 2127 936 2194; x_wconf 80' lang='lat' dir='ltr'>discet:</span> <span class='ocrx_word' id='word_1_190' title='bbox 960 2127 1042 2187; x_wconf 91' lang='lat' dir='ltr'>etde</span> <span class='ocrx_word' id='word_1_191' title='bbox 1058 2125 1119 2203; x_wconf 86' lang='lat' dir='ltr'>qui-</span> 
     </span>
     <span class='ocr_line' id='line_1_24' title="bbox 113 2208 1162 2290; baseline -0.005 -18"><span class='ocrx_word' id='word_1_192' title='bbox 113 2208 167 2272; x_wconf 89' lang='lat' dir='ltr'>bus</span> <span class='ocrx_word' id='word_1_193' title='bbox 188 2211 338 2288; x_wconf 82' lang='lat' dir='ltr'>didicerit,</span> <span class='ocrx_word' id='word_1_194' title='bbox 359 2212 445 2273; x_wconf 87' lang='lat' dir='ltr'>dicet.</span> <span class='ocrx_word' id='word_1_195' title='bbox 484 2210 559 2286; x_wconf 82' lang='lat' dir='ltr'>Quid</span> <span class='ocrx_word' id='word_1_196' title='bbox 577 2209 671 2290; x_wconf 73' lang='lat' dir='ltr'>ergo?</span> <span class='ocrx_word' id='word_1_197' title='bbox 689 2228 747 2272; x_wconf 90' lang='lat' dir='ltr'>non</span> <span class='ocrx_word' id='word_1_198' title='bbox 766 2211 850 2273; x_wconf 86' lang='lat' dir='ltr'>laben</span> <span class='ocrx_word' id='word_1_199' title='bbox 873 2211 910 2272; x_wconf 92' lang='lat' dir='ltr'>de</span> <span class='ocrx_word' id='word_1_200' title='bbox 932 2209 1043 2270; x_wconf 86' lang='lat' dir='ltr'>iabrica</span> <span class='ocrx_word' id='word_1_201' title='bbox 1061 2215 1162 2268; x_wconf 88' lang='lat' dir='ltr'>me-ld</span> 
     </span>
     <span class='ocr_line' id='line_1_25' title="bbox 113 2291 1119 2372; baseline -0.007 -15"><span class='ocrx_word' id='word_1_202' title='bbox 113 2295 169 2357; x_wconf 88' lang='lat' dir='ltr'>lius</span> <span class='ocrx_word' id='word_1_203' title='bbox 186 2304 234 2356; x_wconf 91' lang='lat' dir='ltr'>aut</span> <span class='ocrx_word' id='word_1_204' title='bbox 251 2295 288 2356; x_wconf 92' lang='lat' dir='ltr'>de</span> <span class='ocrx_word' id='word_1_205' title='bbox 302 2298 412 2356; x_wconf 89' lang='lat' dir='ltr'>musice</span> <span class='ocrx_word' id='word_1_206' title='bbox 429 2293 577 2357; x_wconf 76' lang='lat' dir='ltr'>musicus?</span> <span class='ocrx_word' id='word_1_207' title='bbox 611 2297 642 2357; x_wconf 81' lang='lat' dir='ltr'>si</span> <span class='ocrx_word' id='word_1_208' title='bbox 658 2298 769 2356; x_wconf 91' lang='lat' dir='ltr'>nesciat</span> <span class='ocrx_word' id='word_1_209' title='bbox 785 2302 901 2371; x_wconf 90' lang='lat' dir='ltr'>orator,</span> <span class='ocrx_word' id='word_1_210' title='bbox 921 2296 989 2372; x_wconf 85' lang='lat' dir='ltr'>quid</span> <span class='ocrx_word' id='word_1_211' title='bbox 1007 2295 1059 2369; x_wconf 95' lang='lat' dir='ltr'>sit,</span> <span class='ocrx_word' id='word_1_212' title='bbox 1083 2291 1119 2351; x_wconf 92' lang='lat' dir='ltr'>de</span> 
     </span>
     <span class='ocr_line' id='line_1_26' title="bbox 113 2375 1119 2458; baseline -0.004 -19"><span class='ocrx_word' id='word_1_213' title='bbox 113 2395 172 2458; x_wconf 86' lang='lat' dir='ltr'>quo</span> <span class='ocrx_word' id='word_1_214' title='bbox 188 2387 359 2457; x_wconf 87' lang='lat' dir='ltr'>quaeratur,</span> <span class='ocrx_word' id='word_1_215' title='bbox 380 2378 467 2458; x_wconf 89' lang='lat' dir='ltr'>plane</span> <span class='ocrx_word' id='word_1_216' title='bbox 482 2379 596 2439; x_wconf 90' lang='lat' dir='ltr'>melius.</span> <span class='ocrx_word' id='word_1_217' title='bbox 633 2378 705 2440; x_wconf 88' lang='lat' dir='ltr'>Nam</span> <span class='ocrx_word' id='word_1_218' title='bbox 721 2389 750 2440; x_wconf 92' lang='lat' dir='ltr'>et</span> <span class='ocrx_word' id='word_1_219' title='bbox 766 2380 895 2457; x_wconf 80' lang='lat' dir='ltr'>litigator</span> <span class='ocrx_word' id='word_1_220' title='bbox 911 2380 1036 2438; x_wconf 88' lang='lat' dir='ltr'>rusticus</span> <span class='ocrx_word' id='word_1_221' title='bbox 1052 2375 1119 2436; x_wconf 89' lang='lat' dir='ltr'>illit-</span> 
     </span>
     <span class='ocr_line' id='line_1_27' title="bbox 115 2461 1118 2542; baseline -0.004 -20"><span class='ocrx_word' id='word_1_222' title='bbox 115 2470 285 2539; x_wconf 89' lang='lat' dir='ltr'>teratnsque</span> <span class='ocrx_word' id='word_1_223' title='bbox 306 2461 343 2520; x_wconf 93' lang='lat' dir='ltr'>de</span> <span class='ocrx_word' id='word_1_224' title='bbox 359 2480 446 2522; x_wconf 90' lang='lat' dir='ltr'>causa</span> <span class='ocrx_word' id='word_1_225' title='bbox 467 2480 518 2522; x_wconf 90' lang='lat' dir='ltr'>sua</span> <span class='ocrx_word' id='word_1_226' title='bbox 533 2462 653 2539; x_wconf 88' lang='lat' dir='ltr'>melius,</span> <span class='ocrx_word' id='word_1_227' title='bbox 678 2482 763 2542; x_wconf 84' lang='lat' dir='ltr'>quam</span> <span class='ocrx_word' id='word_1_228' title='bbox 786 2471 900 2538; x_wconf 88' lang='lat' dir='ltr'>orator,</span> <span class='ocrx_word' id='word_1_229' title='bbox 924 2463 972 2539; x_wconf 87' lang='lat' dir='ltr'>qui</span> <span class='ocrx_word' id='word_1_230' title='bbox 996 2461 1118 2535; x_wconf 88' lang='lat' dir='ltr'>nesciet,</span> 
     </span>
     <span class='ocr_line' id='line_1_28' title="bbox 114 2543 1119 2626; baseline -0.004 -21"><span class='ocrx_word' id='word_1_231' title='bbox 114 2544 184 2626; x_wconf 85' lang='lat' dir='ltr'>quid</span> <span class='ocrx_word' id='word_1_232' title='bbox 201 2546 230 2605; x_wconf 94' lang='lat' dir='ltr'>in</span> <span class='ocrx_word' id='word_1_233' title='bbox 246 2543 296 2604; x_wconf 91' lang='lat' dir='ltr'>lite</span> <span class='ocrx_word' id='word_1_234' title='bbox 312 2545 365 2614; x_wconf 90' lang='lat' dir='ltr'>sit;</span> <span class='ocrx_word' id='word_1_235' title='bbox 384 2545 437 2606; x_wconf 91' lang='lat' dir='ltr'>sed</span> <span class='ocrx_word' id='word_1_236' title='bbox 453 2555 574 2624; x_wconf 90' lang='lat' dir='ltr'>accepta</span> <span class='ocrx_word' id='word_1_237' title='bbox 590 2566 606 2607; x_wconf 98' lang='lat' dir='ltr'>a</span> <span class='ocrx_word' id='word_1_238' title='bbox 621 2550 743 2624; x_wconf 91' lang='lat' dir='ltr'>musico,</span> <span class='ocrx_word' id='word_1_239' title='bbox 760 2565 777 2607; x_wconf 90' lang='lat' dir='ltr'>a</span> <span class='ocrx_word' id='word_1_240' title='bbox 792 2545 887 2620; x_wconf 87' lang='lat' dir='ltr'>labro,</span> <span class='ocrx_word' id='word_1_241' title='bbox 903 2546 978 2604; x_wconf 90' lang='lat' dir='ltr'>sicut</span> <span class='ocrx_word' id='word_1_242' title='bbox 994 2561 1010 2603; x_wconf 91' lang='lat' dir='ltr'>a</span> <span class='ocrx_word' id='word_1_243' title='bbox 1026 2543 1119 2618; x_wconf 78' lang='lat' dir='ltr'>litiga·</span> 
     </span>
     <span class='ocr_line' id='line_1_29' title="bbox 114 2623 1161 2708; baseline -0.01 -18"><span class='ocrx_word' id='word_1_244' title='bbox 114 2639 181 2690; x_wconf 94' lang='lat' dir='ltr'>tore</span> <span class='ocrx_word' id='word_1_245' title='bbox 196 2627 300 2688; x_wconf 91' lang='lat' dir='ltr'>melius</span> <span class='ocrx_word' id='word_1_246' title='bbox 316 2637 416 2690; x_wconf 86' lang='lat' dir='ltr'>orator</span> <span class='ocrx_word' id='word_1_247' title='bbox 431 2645 514 2706; x_wconf 91' lang='lat' dir='ltr'>quam</span> <span class='ocrx_word' id='word_1_248' title='bbox 530 2631 605 2708; x_wconf 92' lang='lat' dir='ltr'>ipse,</span> <span class='ocrx_word' id='word_1_249' title='bbox 625 2632 672 2708; x_wconf 88' lang='lat' dir='ltr'>qui</span> <span class='ocrx_word' id='word_1_250' title='bbox 685 2629 831 2691; x_wconf 88' lang='lat' dir='ltr'>docuerit.</span> <span class='ocrx_word' id='word_1_251' title='bbox 857 2628 968 2688; x_wconf 88' lang='lat' dir='ltr'>Verum</span> <span class='ocrx_word' id='word_1_252' title='bbox 982 2636 1012 2687; x_wconf 90' lang='lat' dir='ltr'>et</span> <span class='ocrx_word' id='word_1_253' title='bbox 1026 2624 1119 2700; x_wconf 89' lang='lat' dir='ltr'>faber,</span> <span class='ocrx_word' id='word_1_254' title='bbox 1128 2623 1161 2680; x_wconf 84' lang='grc'>17</span> 
     </span>
     <span class='ocr_line' id='line_1_30' title="bbox 114 2709 1119 2790; baseline -0.007 -15"><span class='ocrx_word' id='word_1_255' title='bbox 114 2731 181 2775; x_wconf 92' lang='lat' dir='ltr'>cum</span> <span class='ocrx_word' id='word_1_256' title='bbox 196 2713 233 2774; x_wconf 93' lang='lat' dir='ltr'>de</span> <span class='ocrx_word' id='word_1_257' title='bbox 248 2710 376 2790; x_wconf 78' lang='lat' dir='ltr'>fabrica,</span> <span class='ocrx_word' id='word_1_258' title='bbox 400 2721 430 2772; x_wconf 94' lang='lat' dir='ltr'>et</span> <span class='ocrx_word' id='word_1_259' title='bbox 445 2715 587 2788; x_wconf 89' lang='lat' dir='ltr'>musicus,</span> <span class='ocrx_word' id='word_1_260' title='bbox 612 2731 675 2773; x_wconf 92' lang='lat' dir='ltr'>cum</span> <span class='ocrx_word' id='word_1_261' title='bbox 690 2714 727 2775; x_wconf 89' lang='lat' dir='ltr'>de</span> <span class='ocrx_word' id='word_1_262' title='bbox 744 2714 871 2789; x_wconf 87' lang='lat' dir='ltr'>musica,</span> <span class='ocrx_word' id='word_1_263' title='bbox 892 2713 916 2770; x_wconf 94' lang='lat' dir='ltr'>si</span> <span class='ocrx_word' id='word_1_264' title='bbox 933 2710 1000 2790; x_wconf 89' lang='lat' dir='ltr'>quid</span> <span class='ocrx_word' id='word_1_265' title='bbox 1016 2709 1119 2770; x_wconf 82' lang='lat' dir='ltr'>condr-</span> 
     </span>
     <span class='ocr_line' id='line_1_31' title="bbox 113 2792 1119 2875; baseline -0.006 -16"><span class='ocrx_word' id='word_1_266' title='bbox 113 2799 270 2859; x_wconf 88' lang='lat' dir='ltr'>mationem</span> <span class='ocrx_word' id='word_1_267' title='bbox 286 2795 512 2873; x_wconf 86' lang='lat' dir='ltr'>desideraverit,</span> <span class='ocrx_word' id='word_1_268' title='bbox 534 2797 620 2858; x_wconf 89' lang='lat' dir='ltr'>dicet.</span> <span class='ocrx_word' id='word_1_269' title='bbox 651 2795 716 2857; x_wconf 92' lang='lat' dir='ltr'>Non</span> <span class='ocrx_word' id='word_1_270' title='bbox 732 2797 846 2875; x_wconf 89' lang='lat' dir='ltr'>quidem</span> <span class='ocrx_word' id='word_1_271' title='bbox 862 2796 917 2856; x_wconf 89' lang='lat' dir='ltr'>erit</span> <span class='ocrx_word' id='word_1_272' title='bbox 932 2803 1047 2870; x_wconf 90' lang='lat' dir='ltr'>orator,</span> <span class='ocrx_word' id='word_1_273' title='bbox 1066 2792 1119 2854; x_wconf 91' lang='lat' dir='ltr'>sed</span> 
     </span>
     <span class='ocr_line' id='line_1_32' title="bbox 113 2878 1118 2959; baseline -0.004 -17"><span class='ocrx_word' id='word_1_274' title='bbox 113 2882 203 2942; x_wconf 75' lang='lat' dir='ltr'>faciet</span> <span class='ocrx_word' id='word_1_275' title='bbox 218 2879 291 2941; x_wconf 92' lang='lat' dir='ltr'>illud</span> <span class='ocrx_word' id='word_1_276' title='bbox 308 2882 390 2958; x_wconf 89' lang='lat' dir='ltr'>quasi</span> <span class='ocrx_word' id='word_1_277' title='bbox 406 2889 522 2958; x_wconf 88' lang='lat' dir='ltr'>orator,</span> <span class='ocrx_word' id='word_1_278' title='bbox 551 2882 626 2941; x_wconf 90' lang='lat' dir='ltr'>sicut</span> <span class='ocrx_word' id='word_1_279' title='bbox 642 2898 705 2940; x_wconf 89' lang='lat' dir='ltr'>oum</span> <span class='ocrx_word' id='word_1_280' title='bbox 719 2881 822 2941; x_wconf 82' lang='lat' dir='ltr'>vulnus</span> <span class='ocrx_word' id='word_1_281' title='bbox 842 2881 992 2959; x_wconf 89' lang='lat' dir='ltr'>imperitus</span> <span class='ocrx_word' id='word_1_282' title='bbox 1008 2878 1118 2956; x_wconf 78' lang='lat' dir='ltr'>deliga—</span> 
     </span>
     <span class='ocr_line' id='line_1_33' title="bbox 113 2961 1163 3044; baseline -0.007 -18"><span class='ocrx_word' id='word_1_283' title='bbox 113 2965 171 3043; x_wconf 91' lang='lat' dir='ltr'>bit,</span> <span class='ocrx_word' id='word_1_284' title='bbox 196 2982 254 3025; x_wconf 94' lang='lat' dir='ltr'>non</span> <span class='ocrx_word' id='word_1_285' title='bbox 270 2966 326 3024; x_wconf 91' lang='lat' dir='ltr'>erit</span> <span class='ocrx_word' id='word_1_286' title='bbox 339 2965 469 3026; x_wconf 89' lang='lat' dir='ltr'>medicus</span> <span class='ocrx_word' id='word_1_287' title='bbox 485 2965 538 3044; x_wconf 87' lang='lat' dir='ltr'>sed</span> <span class='ocrx_word' id='word_1_288' title='bbox 558 2965 647 3026; x_wconf 89' lang='lat' dir='ltr'>faciet</span> <span class='ocrx_word' id='word_1_289' title='bbox 661 2973 692 3025; x_wconf 91' lang='lat' dir='ltr'>ut</span> <span class='ocrx_word' id='word_1_290' title='bbox 712 2964 853 3026; x_wconf 89' lang='lat' dir='ltr'>medicus.</span> <span class='ocrx_word' id='word_1_291' title='bbox 890 2963 936 3024; x_wconf 79' lang='lat' dir='ltr'>An</span> <span class='ocrx_word' id='word_1_292' title='bbox 957 2961 1119 3024; x_wconf 91' lang='lat' dir='ltr'>huiusmodi</span> <span class='ocrx_word' id='word_1_293' title='bbox 1128 2964 1163 3019; x_wconf 85' lang='grc'>18</span> 
     </span>
     <span class='ocr_line' id='line_1_34' title="bbox 113 3046 1118 3128; baseline -0.005 -19"><span class='ocrx_word' id='word_1_294' title='bbox 113 3067 164 3110; x_wconf 91' lang='lat' dir='ltr'>res</span> <span class='ocrx_word' id='word_1_295' title='bbox 179 3065 276 3127; x_wconf 87' lang='lat' dir='ltr'>neque</span> <span class='ocrx_word' id='word_1_296' title='bbox 291 3049 320 3107; x_wconf 91' lang='lat' dir='ltr'>in</span> <span class='ocrx_word' id='word_1_297' title='bbox 339 3049 454 3111; x_wconf 88' lang='lat' dir='ltr'>laudem</span> <span class='ocrx_word' id='word_1_298' title='bbox 468 3067 565 3128; x_wconf 89' lang='lat' dir='ltr'>neque</span> <span class='ocrx_word' id='word_1_299' title='bbox 584 3051 613 3108; x_wconf 93' lang='lat' dir='ltr'>in</span> <span class='ocrx_word' id='word_1_300' title='bbox 634 3049 873 3110; x_wconf 87' lang='lat' dir='ltr'>deliberationem</span> <span class='ocrx_word' id='word_1_301' title='bbox 893 3065 989 3126; x_wconf 91' lang='lat' dir='ltr'>neque</span> <span class='ocrx_word' id='word_1_302' title='bbox 1004 3049 1033 3106; x_wconf 94' lang='lat' dir='ltr'>in</span> <span class='ocrx_word' id='word_1_303' title='bbox 1047 3046 1118 3105; x_wconf 93' lang='lat' dir='ltr'>iudi·</span> 
     </span>
     <span class='ocr_line' id='line_1_35' title="bbox 115 3127 1118 3213; baseline -0.006 -21"><span class='ocrx_word' id='word_1_304' title='bbox 115 3133 191 3192; x_wconf 92' lang='lat' dir='ltr'>cium</span> <span class='ocrx_word' id='word_1_305' title='bbox 212 3129 350 3192; x_wconf 80' lang='lat' dir='ltr'>veniunt?</span> <span class='ocrx_word' id='word_1_306' title='bbox 369 3131 450 3211; x_wconf 78' lang='lat' dir='ltr'>Ergo</span> <span class='ocrx_word' id='word_1_307' title='bbox 474 3152 538 3195; x_wconf 93' lang='lat' dir='ltr'>cum</span> <span class='ocrx_word' id='word_1_308' title='bbox 555 3133 592 3194; x_wconf 90' lang='lat' dir='ltr'>de</span> <span class='ocrx_word' id='word_1_309' title='bbox 609 3133 744 3194; x_wconf 87' lang='lat' dir='ltr'>iaciendo</span> <span class='ocrx_word' id='word_1_310' title='bbox 760 3143 847 3213; x_wconf 91' lang='lat' dir='ltr'>portu</span> <span class='ocrx_word' id='word_1_311' title='bbox 864 3131 991 3193; x_wconf 86' lang='lat' dir='ltr'>Ostiensi</span> <span class='ocrx_word' id='word_1_312' title='bbox 1008 3127 1118 3190; x_wconf 92' lang='lat' dir='ltr'>delibe-</span> 
     </span>
     <span class='ocr_line' id='line_1_36' title="bbox 113 3212 1118 3291; baseline -0.005 -17"><span class='ocrx_word' id='word_1_313' title='bbox 113 3222 208 3275; x_wconf 92' lang='lat' dir='ltr'>ratum</span> <span class='ocrx_word' id='word_1_314' title='bbox 226 3223 287 3289; x_wconf 91' lang='lat' dir='ltr'>est,</span> <span class='ocrx_word' id='word_1_315' title='bbox 307 3231 365 3274; x_wconf 94' lang='lat' dir='ltr'>non</span> <span class='ocrx_word' id='word_1_316' title='bbox 382 3216 480 3277; x_wconf 92' lang='lat' dir='ltr'>debuit</span> <span class='ocrx_word' id='word_1_317' title='bbox 497 3219 596 3279; x_wconf 91' lang='lat' dir='ltr'>dicere</span> <span class='ocrx_word' id='word_1_318' title='bbox 614 3219 787 3279; x_wconf 88' lang='lat' dir='ltr'>sententiam</span> <span class='ocrx_word' id='word_1_319' title='bbox 804 3212 923 3277; x_wconf 82' lang='lat' dir='ltr'>oratori</span> <span class='ocrx_word' id='word_1_320' title='bbox 949 3214 1029 3291; x_wconf 85' lang='lat' dir='ltr'>atqui</span> <span class='ocrx_word' id='word_1_321' title='bbox 1045 3228 1118 3290; x_wconf 93' lang='lat' dir='ltr'>opus</span> 
     </span>
     <span class='ocr_line' id='line_1_37' title="bbox 115 3299 1162 3374; baseline -0.001 -14"><span class='ocrx_word' id='word_1_322' title='bbox 115 3307 179 3360; x_wconf 91' lang='lat' dir='ltr'>erat</span> <span class='ocrx_word' id='word_1_323' title='bbox 194 3299 308 3358; x_wconf 85' lang='lat' dir='ltr'>ratione</span> <span class='ocrx_word' id='word_1_324' title='bbox 329 3299 562 3361; x_wconf 89' lang='lat' dir='ltr'>architectorum.</span> <span class='ocrx_word' id='word_1_325' title='bbox 599 3299 721 3362; x_wconf 79' lang='lat' dir='ltr'>livores</span> <span class='ocrx_word' id='word_1_326' title='bbox 744 3310 774 3361; x_wconf 92' lang='lat' dir='ltr'>et</span> <span class='ocrx_word' id='word_1_327' title='bbox 794 3310 922 3360; x_wconf 91' lang='lat' dir='ltr'>tumores</span> <span class='ocrx_word' id='word_1_328' title='bbox 943 3300 973 3358; x_wconf 91' lang='lat' dir='ltr'>in</span> <span class='ocrx_word' id='word_1_329' title='bbox 993 3311 1120 3374; x_wconf 89' lang='lat' dir='ltr'>corpore</span> <span class='ocrx_word' id='word_1_330' title='bbox 1128 3303 1162 3359; x_wconf 83' lang='lat'>19</span> 
     </span>
     <span class='ocr_line' id='line_1_38' title="bbox 115 3377 1120 3462; baseline -0.005 -18"><span class='ocrx_word' id='word_1_331' title='bbox 115 3383 267 3444; x_wconf 89' lang='lat' dir='ltr'>cruditatis</span> <span class='ocrx_word' id='word_1_332' title='bbox 285 3399 321 3442; x_wconf 89' lang='lat' dir='ltr'>an</span> <span class='ocrx_word' id='word_1_333' title='bbox 336 3384 440 3442; x_wconf 80' lang='lat' dir='ltr'>veneni</span> <span class='ocrx_word' id='word_1_334' title='bbox 459 3386 541 3462; x_wconf 78' lang='lat' dir='ltr'>signa</span> <span class='ocrx_word' id='word_1_335' title='bbox 557 3385 628 3462; x_wconf 94' lang='lat' dir='ltr'>sint,</span> <span class='ocrx_word' id='word_1_336' title='bbox 652 3402 709 3445; x_wconf 93' lang='lat' dir='ltr'>non</span> <span class='ocrx_word' id='word_1_337' title='bbox 725 3391 829 3445; x_wconf 92' lang='lat' dir='ltr'>tractat</span> <span class='ocrx_word' id='word_1_338' title='bbox 844 3377 964 3442; x_wconf 83' lang='lat' dir='ltr'>orator?</span> <span class='ocrx_word' id='word_1_339' title='bbox 986 3389 1015 3442; x_wconf 92' lang='lat' dir='ltr'>at</span> <span class='ocrx_word' id='word_1_340' title='bbox 1031 3389 1076 3440; x_wconf 91' lang='lat' dir='ltr'>est</span> <span class='ocrx_word' id='word_1_341' title='bbox 1091 3379 1120 3440; x_wconf 92' lang='lat' dir='ltr'>id</span> 
     </span>
     <span class='ocr_line' id='line_1_39' title="bbox 115 3465 1118 3529; baseline -0.001 -3"><span class='ocrx_word' id='word_1_342' title='bbox 115 3484 154 3526; x_wconf 84' lang='lat' dir='ltr'>ex</span> <span class='ocrx_word' id='word_1_343' title='bbox 169 3467 282 3527; x_wconf 89' lang='lat' dir='ltr'>ratione</span> <span class='ocrx_word' id='word_1_344' title='bbox 303 3465 473 3528; x_wconf 88' lang='lat' dir='ltr'>medicinae.</span> <span class='ocrx_word' id='word_1_345' title='bbox 513 3465 597 3528; x_wconf 74' lang='lat' dir='ltr'>(lirun</span> <span class='ocrx_word' id='word_1_346' title='bbox 611 3485 761 3529; x_wconf 90' lang='lat' dir='ltr'>mensuras</span> <span class='ocrx_word' id='word_1_347' title='bbox 785 3476 815 3526; x_wconf 91' lang='lat' dir='ltr'>et</span> <span class='ocrx_word' id='word_1_348' title='bbox 829 3482 966 3527; x_wconf 88' lang='lat' dir='ltr'>numeros</span> <span class='ocrx_word' id='word_1_349' title='bbox 981 3481 1040 3526; x_wconf 87' lang='lat' dir='ltr'>non</span> <span class='ocrx_word' id='word_1_350' title='bbox 1054 3483 1118 3526; x_wconf 82' lang='lat' dir='ltr'>vor·</span> 
     </span>
    </p>
   </div>
   <div class='ocr_carea' id='block_1_4' title="bbox 0 0 1311 3948">
    <p class='ocr_par' dir='ltr' id='par_1_4' title="bbox 0 0 1311 3948">
     <span class='ocr_line' id='line_1_40' title="bbox 0 0 1311 3948; baseline 0 0"><span class='ocrx_word' id='word_1_351' title='bbox 0 0 1311 3948; x_wconf 95' lang='lat' dir='ltr'> </span> 
     </span>
    </p>
   </div>
  </div>
 </body>
</html>
