2592 3940
193 203 256 266 252
512 211 877 273 ns.nnn.oomn1nmu1

193 371 363 444 adversario
385 369 526 444 iudicem,
551 367 698 429 concitare
722 366 846 427 allectus
873 373 903 428 et
929 381 1118 445 componere.
1166 365 1211 430 Et

193 455 395 515 brevissimum
414 453 529 531 quidem
545 451 603 512 boc
620 458 811 530 praeceptum
828 449 889 512 dari
911 449 1026 529 utrique
1041 449 1118 529 parti
1137 459 1208 530 pot-

194 545 260 614 est,
283 545 315 597 ut
335 545 412 598 totas
429 553 537 598 causae
550 535 631 594 vires
646 542 747 595 orator
768 542 858 612 ponat
872 542 939 594 ante
955 533 1074 603 oculos;
1093 543 1208 598 etcum
1277 589 1278 614 ,

171 620 317 697 ·viderit,
350 619 418 700 qnid
441 618 627 694 insidiosum,
657 617 835 692 favorabile,
861 617 998 686 invisum,
1031 617 1206 680 miserabile
1277 627 1278 666 ἐ

192 713 242 766 aut
255 705 292 766 sit
305 705 335 764 in
351 703 440 764 rebus
456 711 504 762 aut
518 701 612 764 videri
628 703 736 780 possit:
760 719 795 761 ea
815 699 907 777 dicat,
924 701 1046 780 quibus,
1069 703 1095 762 si
1112 703 1206 765 iudex

153 795 289 864 lbesset,
320 789 385 868 ipse
409 785 532 846 maxime
561 794 738 845 moveretur.
784 784 842 846 Sed
873 785 981 845 certius
1004 794 1056 861 est,
1076 787 1121 846 ire
1148 804 1205 864 per

192 874 217 932 si
259 872 316 932 ula.

219 891 258 950 ng
276 954 314 1014 Et
335 971 411 1032 quae
437 953 595 1015 concilient
621 952 736 1030 quidem
758 953 1034 1032 accusatorem,
1056 953 1086 1012 in
1114 971 1203 1032 prae·
1277 987 1278 1010 2

193 1038 289 1117 ceptis
318 1036 431 1098 exordii
457 1037 513 1098 ianr
535 1036 667 1098 diximus.
714 1035 864 1110 Quaedam
889 1045 1002 1114 tamen,
1031 1053 1107 1116 quae
1140 1036 1204 1100 illic

191 1121 349 1183 ostendere
370 1130 416 1184 sat
438 1129 499 1199 est,
522 1121 551 1180 in
574 1120 763 1200 peroratione
787 1119 933 1198 implenda
956 1129 1023 1180 sunt
1042 1121 1156 1199 magis,
1178 1123 1202 1182 si

192 1213 293 1268 contra
317 1207 524 1286 impotentem,
559 1205 696 1279 invisum,
724 1204 921 1282 perniciosum
948 1213 1090 1283 suscepta
1112 1222 1202 1266 eausa
1277 1245 1278 1284 ,

192 1299 251 1359 est;
277 1291 302 1350 si
323 1289 468 1352 indicibus
489 1289 561 1368 ipsis
582 1297 631 1350 aut
651 1287 767 1365 gloriae
790 1287 933 1350 damnatio
953 1289 998 1350 rei
1023 1297 1071 1349 aut
1099 1288 1200 1350 defor-

150 1375 282 1446 13mitati
297 1373 393 1434 lutura
408 1371 565 1434 absolutio.
609 1371 683 1433 Nam
706 1371 827 1449 egregie
852 1373 881 1432 in
906 1371 1051 1433 Vatinium
1076 1371 1200 1450 Caluus,

190 1455 591 1536 raoumunquummtuum
602 1457 690 1520 scitis
700 1474 814 1533 omncs,
822 1463 851 1519 at
862 1457 920 1520 ltoc
931 1473 987 1519 oos
999 1458 1082 1522 scire
1096 1475 1201 1521 omncs

189 1541 301 1603 roiam.
346 1537 453 1618 Cicero
470 1541 586 1619 quidem
599 1542 628 1601 in
643 1541 768 1602 Verrem
785 1541 872 1602 etiam
887 1542 1035 1603 emendari
1049 1555 1142 1620 posse
1158 1541 1199 1600 in·

189 1623 305 1685 iamiam
329 1623 500 1685 iudiciorum
527 1625 660 1686 damnato
681 1641 735 1684 reo
762 1623 851 1692 dicit;
879 1624 959 1703 quod
979 1632 1026 1686 est
1053 1641 1139 1684 unum
1162 1642 1199 1685 ex
1277 1665 1278 1670 κ

190 1725 279 1787 supra
307 1708 401 1768 dictis.
446 1707 540 1769 blatum
569 1710 671 1784 etiam,
697 1709 722 1768 si
752 1716 798 1768 est
826 1707 1022 1783 adhibendus,
1053 1716 1084 1770 ut
1110 1705 1214 1768 iaciat-

189 1791 281 1868 idem‚
302 1791 378 1853 bunc
393 1792 483 1855 babet
497 1792 595 1855 locum
604 1792 757 1853 fortiorem
773 1807 858 1870 quam
880 1792 909 1851 in
924 1791 1087 1871 prooemio.
1135 1790 1199 1865 Qua
1277 1825 1278 1836 κ

148 1876 226 1937 lade
240 1894 274 1936 re
289 1876 358 1955 quid
373 1878 527 1953 sentirem,
546 1876 604 1937 alio
616 1876 671 1936 iarn
684 1875 759 1937 libro
774 1875 907 1954 exposui.
953 1872 1110 1936 concitare
1126 1891 1198 1954 quo·

190 1979 247 2039 que
264 1961 398 2022 invidiam
408 2005 417 2036 ,
429 1960 542 2036 odium,
559 1961 646 2037 iram,
662 1958 782 2020 liberius
795 1959 823 2018 in
838 1959 1026 2037 peroratione
1038 1959 1196 2037 contingit;
1277 2027 1278 2034 χ

189 2061 311 2121 quorum
337 2044 470 2106 invidiam
502 2045 611 2121 gratia,
645 2043 741 2104 odium
772 2042 937 2122 turpitudo,
971 2043 1042 2104 iram
1072 2042 1198 2106 offensio
1277 2055 1278 2116 ζ

188 2125 276 2186 iudici
291 2126 378 2201 iacit,
400 2129 426 2187 si
449 2136 620 2203 contumax,
645 2143 803 2205 arrogans,
826 2143 948 2188 securus
969 2127 1025 2203 sit,
1049 2143 1124 2205 quae
1140 2143 1198 2188 non

190 2227 228 2268 ex
257 2208 336 2270 iacto
364 2209 451 2270 modo
480 2209 596 2271 dictove
618 2209 717 2290 aliquo
739 2209 792 2271 sed
813 2210 912 2286 vultu,
936 2209 1050 2286 babitu,
1074 2219 1198 2290 aspectu

189 2293 301 2354 moveri
317 2293 405 2354 solet.
449 2292 640 2373 Egregieque
655 2293 740 2356 nobis
756 2293 994 2355 adolescentibus
1015 2294 1126 2355 dixisse
1149 2311 1196 2356 ac·

190 2387 308 2440 cusator
323 2375 487 2440 Cossutiani
506 2376 654 2458 Capitonis
676 2378 846 2455 videbatur,
869 2376 982 2439 Graece
1005 2378 1122 2456 quidem
1143 2377 1197 2439 sed

146 2463 218 2524 ltin
233 2462 309 2522 hunc
324 2481 458 2540 sensum,
475 2460 645 2525 Erudeoct's
667 2460 836 2525 Gaesarem
861 2463 975 2524 umus.
1020 2462 1136 2522 Summa
1153 2471 1196 2522 ta·

188 2565 254 2606 men
271 2546 435 2608 concitandi
458 2547 582 2607 allectus
601 2548 767 2608 accusatori
792 2548 822 2607 in
840 2545 899 2606 hoc
920 2555 981 2621 est,
1003 2554 1035 2606 ut
1051 2546 1097 2622 id,
1118 2545 1197 2624 quod
1277 2589 1278 2622 ,

189 2630 313 2707 obiecit,
336 2640 386 2691 aut
406 2649 492 2711 quam
514 2632 725 2691 atrocissimum
748 2631 921 2708 autetiam,
950 2630 976 2690 si
999 2629 1062 2690 lieri
1084 2638 1195 2709 potest,
1277 2647 1278 2682 t

189 2732 273 2793 qnam
296 2717 420 2775 maxime
441 2713 608 2774 miserabile
631 2732 699 2775 esse
725 2715 867 2776 videatur.
913 2713 1062 2775 Atrocitas
1089 2715 1196 2774 crescit

189 2815 226 2856 ex
241 2797 301 2872 his,
320 2799 386 2875 quid
401 2799 509 2859 lactum
528 2800 581 2874 sit,
604 2816 621 2858 a
641 2815 714 2878 quo,
735 2799 764 2858 in
790 2815 892 2877 quern,
918 2815 976 2877 quo
1000 2797 1112 2875 animo,
1137 2813 1194 2876 quo

187 2889 339 2958 tempore,
360 2899 417 2959 quo
436 2883 520 2957 loco,
539 2896 596 2960 quo
612 2883 713 2952 modo;
733 2899 809 2962 quae
829 2883 924 2943 omnia
945 2881 1071 2942 infinitos
1089 2889 1194 2942 tracta·

147 2973 234 3031 lotus
248 2962 365 3026 hahent.
410 2963 557 3025 Pulsatum
577 2967 738 3045 querimur:
763 2964 800 3025 de
824 2983 856 3026 re
874 2966 996 3044 primum
1012 2967 1076 3044 ipsa
1097 2964 1194 3027 dicen·

188 3047 270 3119 duum
292 3054 350 3110 tum
368 3049 393 3108 si
411 3065 520 3124 senex,
542 3049 568 3108 si
590 3067 681 3128 puer,
706 3051 732 3109 si
752 3050 954 3126 magistratus,
978 3051 1003 3109 si
1022 3048 1149 3128 probus,
1169 3051 1194 3110 si

187 3132 263 3194 bene
285 3132 322 3194 de
343 3151 377 3193 re
404 3132 523 3214 publica
544 3134 678 3202 meritum
707 3133 793 3194 etiam
815 3133 841 3192 si
864 3149 1023 3212 percussus
1047 3134 1084 3192 sit
1104 3151 1122 3192 a
1143 3132 1194 3194 vili

188 3215 285 3294 aliquo
304 3211 532 3298 contemptoque
549 3216 598 3277 vel
615 3233 652 3276 ex
675 3217 821 3278 contrario
843 3233 860 3276 a
877 3223 999 3296 potente
1014 3217 1130 3278 nimium
1145 3215 1194 3276 vel

189 3297 225 3360 ab
244 3314 296 3376 eo,
311 3317 370 3379 quo
385 3303 499 3362 minima
515 3301 659 3380 oportuit,
681 3308 711 3362 et
734 3301 759 3360 si
780 3299 827 3361 die
843 3301 921 3361 iorte
940 3300 1074 3362 sollemni
1096 3307 1144 3360 aut
1157 3300 1192 3358 iis

187 3381 383 3462 temporibus,
404 3403 469 3445 curn
485 3385 591 3444 iudicia
613 3384 676 3443 eius
703 3386 748 3446 rei
764 3385 888 3445 maxime
904 3393 1129 3460 exercerentur,
1145 3391 1193 3445 tut
1277 3385 1278 3394 ’

188 3465 216 3520 in
236 3465 363 3525 sollicito
386 3468 511 3528 ciuitatis
536 3474 632 3544 statu,
653 3467 723 3528 item
743 3469 772 3528 in
794 3467 927 3544 theatro,
953 3468 982 3527 in
1007 3466 1134 3546 templo,
1163 3467 1191 3528 in
1277 3529 1278 3534 ,
