2570 3946
184 197 227 258 ott
276 169 279 180 ’
500 207 873 268 annunciandum

184 383 220 426 nc
239 364 332 426 dican
349 381 452 425 sonnino
470 371 499 424 et
516 361 715 423 conviviorum
731 377 830 437 utera,
854 369 1052 436 conteruntur,
1071 378 1194 440 m

184 459 249 510 trae
270 449 367 528 potius
390 466 425 509 ao
449 447 561 512 nnete
585 445 742 524 impendat,
765 454 873 525 quartu
896 446 962 524 plue
985 445 1196 512 delectationis

144 531 335 601 aohabitsrus
353 549 438 611 quun
455 549 494 592 ex
511 530 569 590 illis
589 529 738 591 ineruditis
759 528 967 608 antrustione.
1013 530 1101 599 Dedit
1115 531 1195 598 eaba

184 619 241 679 troc
263 617 445 696 providentia
466 613 627 680 nonnitus
649 631 767 689 manus,
797 621 828 672 ut
852 613 976 676 honesta
997 615 1090 692 napis
1112 615 1194 680 iuva·

183 711 258 762 rent.
303 701 363 762 Sed
382 717 436 759 nos
454 699 528 760 lraee
544 699 610 776 ipsa
631 696 756 758 dulcedo
775 697 891 775 lougius
910 699 999 762 ouo.
1039 697 1194 766 mnus

185 802 257 864 ergo
281 785 318 846 de
338 783 457 859 studiis,
478 781 600 862 quidus,
622 790 777 860 numnam
794 783 906 844 maiora
922 783 1037 863 capiat,
1062 799 1136 861 puer
1149 783 1194 848 in·

184 869 345 930 stituendus
366 877 423 937 est;
441 865 683 946 prosimus'liber
703 867 784 928 vetut
801 883 906 930 nomin
926 875 1024 930 sumet
1042 868 1193 930 exordium

184 962 214 1013 et
236 951 272 1012 nd
295 951 421 1013 rhetorio
445 951 543 1012 officia
565 949 706 1010 transibit.

567 1289 730 1355 LIBER
759 1290 804 1355 Π.

181 1423 259 1478 Libro
275 1423 386 1474 secundo
402 1421 466 1474 haec
483 1424 653 1474 continentur:
679 1423 784 1485 Quando
804 1423 900 1474 rhetori
915 1421 1052 1474 tradendus
1067 1424 1100 1473 eit
1115 1437 1191 1489 puer.

217 1492 256 1541 De
271 1491 385 1548 moribus
404 1498 428 1540 et
445 1491 539 1542 officiis
554 1494 737 1560 praeceptoris.
767 1493 808 1542 Au
821 1493 937 1558 protinus
949 1497 1115 1558 praeceptore
1124 1492 1195 1560 opti·

217 1573 259 1610 roe
275 1561 309 1610 eit
317 1559 449 1612 utendum.
476 1561 512 1612 De
522 1562 613 1628 primis
624 1563 694 1630 apud
707 1561 833 1612 rhetorem
845 1561 1079 1616 exercitatoribus.
1104 1561 1143 1612 De
1156 1561 1196 1612 le-

217 1630 300 1682 ctione
310 1637 436 1682 oratorum
449 1636 474 1680 et
483 1629 663 1684 historicorum
675 1631 745 1699 apud
756 1630 892 1684 rhetorem.
920 1627 970 1688 out
983 1629 1060 1695 piati
1078 1630 1193 1695 legendi.

217 1700 255 1748 De
269 1699 396 1750 divisione
407 1706 432 1750 et
443 1699 629 1765 perenchiresi,
646 1701 679 1752 de
689 1700 836 1752 ediscendo.
861 1699 903 1752 Au
912 1697 1053 1753 secuudum
1066 1699 1108 1754 sui
1120 1699 1195 1762 quis-

150 1795 155 1806 ·
218 1783 267 1832 que
282 1769 380 1836 ingenii
390 1776 505 1821 naturam
518 1769 646 1822 docendus
660 1769 702 1824 sit.
728 1767 766 1818 De
780 1767 864 1824 officio
875 1765 1068 1838 discipulorum.
1093 1765 1132 1816 De
1141 1757 1205 1818 uti-'

218 1836 288 1888 litate
305 1845 329 1888 et
347 1839 445 1888 ratione
459 1837 628 1892 declamandi.
658 1839 698 1888 Αιι
715 1838 777 1890 artis
792 1837 939 1887 necessaria
955 1835 1076 1901 cognitio.
1108 1833 1194 1894 Quare

216 1906 338 1957 ineruditi
349 1907 535 1972 ingeniosiores
547 1908 625 1974 vulgo
636 1907 786 1961 habeantur.
814 1904 876 1964 Quis
893 1904 984 1955 modus
995 1906 1022 1954 in
1031 1911 1094 1958 erte.
1119 1903 1193 1955 Divi·

216 1977 255 2026 sio
270 1977 347 2027 totius
369 1978 464 2042 operte.
500 1977 566 2036 Quid
583 1979 617 2028 sit
630 1976 756 2028 rhetorice
771 1983 795 2026 et
812 1977 870 2040 quit
888 1975 943 2026 dus
960 1973 1028 2026 fluis.
1054 1973 1190 2031 Anatilia.

216 2046 259 2100 tu
275 2060 326 2100 ors.
358 2045 504 2109 exquibus
518 2047 624 2100 artibm.
658 2045 798 2100 Naturane
820 2045 935 2100 duntona
948 2044 1006 2110 plus
1024 2043 1052 2100 ci
1065 2042 1190 2100 euleu.

217 2114 258 2164 Au
272 2114 353 2168 virtus
362 2112 496 2169 rhetorice.
528 2115 598 2176 Quae
607 2117 714 2168 maleta
726 2114 790 2166 eius.

346 2248 479 2309 oonuoo
497 2253 642 2304 nuurour
660 2248 861 2301 rurouuoos
874 2247 925 2299 srr
936 2249 1031 2304 rouo.

253 2361 276 2424 1.
309 2337 413 2430 Tenuit
436 2366 633 2442 consuetudo,
663 2383 738 2443 quae
767 2365 874 2431 cotidie
903 2366 995 2443 magis
1024 2365 1189 2444 invalescit,

181 2455 213 2507 ut
235 2449 476 2527 praeceptoribus
500 2449 703 2528 eloquentiae,
731 2447 839 2510 Latinis
863 2448 979 2529 quidem
998 2467 1116 2528 semper
1137 2447 1190 2518 aed

183 2532 269 2595 etiem
292 2530 411 2594 Graecis
433 2534 562 2608 interim,
593 2533 728 2612 discipuli
748 2535 856 2602 serius·
879 2551 964 2613 quam
986 2535 1061 2595 ratio
1089 2542 1190 2613 poeto·

183 2615 234 2691 lat,
257 2615 449 2684 traderentur.
494 2615 564 2676 Eius
586 2618 631 2678 rei
652 2617 761 2697 duplex
783 2636 871 2683 causa
889 2626 945 2695 ast,
966 2617 1045 2696 quod
1069 2626 1098 2678 et
1122 2617 1190 2682 rhe-

182 2709 263 2762 tores
289 2701 389 2780 utique
416 2701 508 2764 nostri
537 2719 606 2762 suas
634 2710 733 2781 partes
757 2703 917 2767 omiserunt
951 2710 981 2762 et
1010 2702 1190 2779 mammutici

151 2783 293 2850 eniienas
311 2793 540 2863 occupaverunt.
570 2783 642 2849 Nam
659 2795 690 2846 et
705 2786 748 2847 illi
765 2786 932 2852 declamare
947 2785 1035 2849 modo
1051 2795 1081 2846 et
1095 2787 1189 2852 scieo·
1274 2823 1275 2826 ¹

184 2869 252 2929 tiarn
273 2867 453 2930 declamandi
475 2886 510 2930 ac
539 2868 711 2950 facultatem·
739 2871 855 2938 tradere
885 2871 974 2932 cilicii
998 2871 1044 2932 sui
1072 2869 1189 2946 ducunt,

139 3024 141 3029 Ι
184 2951 271 3032 idque
286 2953 359 3014 intra
375 2950 581 3016 deliberativas
597 2954 807 3034 iudicialesque
826 2956 962 3017 materias
984 2955 1070 3034 (uam
1091 2963 1190 3015 cetera

183 3045 214 3096 ut
236 3035 422 3115 professione
443 3055 496 3099 sua
513 3037 623 3098 minora
646 3038 841 3120 despiciunt);
863 3050 893 3101 et
909 3039 939 3100 hi
955 3057 1014 3100 non
1034 3041 1106 3102 satis
1126 3056 1190 3102 cre·

184 3120 252 3193 dunt
270 3120 438 3198 excepisse,
458 3139 533 3200 quae
550 3120 654 3184 relicte
674 3133 766 3201 erant,
786 3124 860 3203 (ouo
878 3125 993 3184 nornine
1007 3125 1101 3202 gratie
1118 3140 1189 3202 quo·

148 3243 150 3246 -
184 3222 240 3282 que
262 3204 297 3264 iis
319 3203 452 3265 habenda
475 3207 542 3286 est)
575 3207 628 3268 sed
651 3209 687 3269 ad
704 3215 942 3287 prosopopoeiae
960 3226 1055 3286 usque
1073 3225 1109 3268 ac
1123 3225 1190 3271 sua·

182 3290 287 3364 serias,
307 3288 336 3347 in
353 3289 456 3367 quibus
473 3306 546 3351 onus
566 3289 680 3352 dicendi
695 3292 745 3352 vel
761 3293 916 3354 maximum
935 3302 997 3370 est,
1018 3293 1188 3372 irrumpunt.

152 3379 254 3442 effluo
271 3393 344 3454 ergo
363 3375 478 3452 accidit,
499 3384 540 3452 ut,
560 3391 635 3452 quac
655 3375 775 3436 alterius
793 3379 863 3438 artis
878 3379 970 3457 prima
988 3385 1070 3437 erant
1085 3393 1189 3455 opera,

182 3463 259 3523 facta
281 3463 338 3525 sint
360 3461 481 3526 alterius
503 3460 675 3528 novissimn;
698 3469 728 3520 et
749 3469 830 3522 aetas
849 3460 1000 3522 altioribus
1021 3463 1078 3520 iarn
1102 3458 1190 3520 disci·
