2570 3946
376 193 788 278 insnonnnoc.n1e.1‚n
1042 201 1081 265 lo

84 365 219 429 rationem
232 361 358 424 siderum
372 365 499 441 ignoret,
516 371 620 443 poetas
635 362 790 443 butelligat,
807 365 855 444 qui
872 365 918 444 (nt
930 367 987 430 alia
997 369 1079 430 omit·

82 449 151 529 tam)
167 448 274 510 totiens
293 454 358 509 ortu
372 463 540 527 occasuque
559 447 708 526 signorum
721 449 750 508 in
765 447 947 512 declarandis
967 459 1079 531 tempo·

81 531 157 593 ribus
170 539 300 600 utuntur-3
315 531 483 608 necignara
498 531 713 611 philosophiae,
729 549 792 592 cunr
803 541 925 611 propter
936 533 1079 613 plurimos

81 618 109 678 in
123 613 254 676 omnibus
270 613 334 676 lere
349 613 520 676 carminibus
536 615 620 676 locos
636 634 674 675 ex
688 609 785 676 intima
802 616 973 678 naturalium
990 636 1078 698 quac·

81 699 203 760 stionum
224 696 383 759 subtilitate
402 699 562 777 repetitos,
587 708 646 759 tum
668 699 717 760 vel
737 709 860 779 proptor
878 699 1079 780 Empedoclen

80 785 109 844 in
124 781 260 858 Graecis,
274 781 436 844 Varronem
451 798 486 842 ac
501 781 664 844 Lucretium
678 785 708 844 in
721 782 839 860 Latinis,
855 785 904 863 qni
918 797 1079 865 praecepta

80 867 241 945 sapientiae
256 864 389 926 versibus
405 865 591 928 tradiderant.
627 865 801 946 Eloquentia
816 884 934 946 quoque
948 887 1006 930 non
1016 881 1105 942 nna-5

81 950 172 1013 diocri
188 958 339 1029 aesopus,
361 958 393 1010 ut
407 949 444 1010 de
457 967 630 1030 unaquaque
644 968 757 1028 earnm,
778 969 849 1030 quas
871 951 1080 1015 demonstravi·

80 1051 158 1109 mus,
177 1051 273 1093 rerum
294 1031 371 1094 dicat
391 1035 511 1113 proprie
533 1043 563 1094 et
586 1036 717 1114 copiose.
758 1033 823 1108 Quo
843 1035 935 1095 minus
956 1046 1022 1098 sunt
1035 1039 1080 1100 le·

81 1117 177 1194 rendi,
197 1117 245 1196 qui
266 1116 340 1178 banc
360 1125 451 1178 artem
471 1125 502 1177 ut
521 1127 636 1178 tenuem
650 1127 738 1197 atque
758 1119 882 1178 ieiunam
897 1119 1079 1201 cavillantur,

82 1218 154 1280 quae
171 1201 225 1260 nisi
242 1202 367 1262 oratoris
387 1200 475 1261 laturi
494 1199 677 1262 fundamenta
692 1200 817 1262 fideliter
833 1202 918 1277 iecit,
941 1204 1081 1283 quidquid

81 1285 325 1364 superstruxeris,
342 1293 473 1353 corruet;
495 1286 662 1346 necessaria
676 1285 794 1364 pueris,
811 1285 934 1346 iucunda
949 1286 1078 1365 senibus,

80 1367 173 1428 dulcis
189 1376 370 1428 secretorum
384 1384 484 1428 comes
499 1377 617 1448 atquae
632 1368 682 1429 vel
698 1368 763 1430 sola
780 1369 809 1429 in
824 1369 901 1428 omni
919 1369 1080 1431 sttrdiorum

79 1467 190 1529 genere
204 1447 270 1528 plus
284 1448 390 1512 babeat
404 1452 505 1530 operis
521 1469 605 1530 quam
619 1453 831 1512 ostentationis.
915 1475 917 1480 ·

164 1530 210 1594 Ne
227 1533 291 1613 quis
306 1534 394 1611 igitur
408 1541 541 1612 tauquam
555 1552 644 1614 parva
659 1535 785 1597 fastidiat
798 1537 1000 1613 grammaticas
1016 1537 1106 1604 ele-6

80 1625 191 1694 menta,
211 1633 269 1678 non
292 1618 358 1697 quia
371 1633 495 1695 magnae
510 1618 547 1677 sit
561 1634 671 1696 operae
686 1627 880 1680 consonantes
896 1637 913 1680 a
927 1620 1080 1682 vocalibus

80 1702 249 1764 discernere
263 1702 400 1782 ipsasque
416 1719 467 1761 eas
483 1701 511 1760 in
526 1703 743 1763 semivocalium
762 1719 910 1764 numerum
928 1713 1080 1765 mutarum·

81 1803 138 1865 que
153 1785 271 1864 partiri,
294 1785 347 1845 sed
368 1786 436 1864 quia
453 1785 592 1846 interiora
605 1785 686 1846 velut
707 1788 783 1847 sacri
803 1785 887 1847 buius
910 1786 1079 1848 adeuntibus

79 1867 232 1949 apparebit
250 1867 339 1928 multa
353 1885 450 1930 rerum
468 1867 628 1943 subtilitas,
649 1886 724 1947 quae
738 1886 796 1929 non
813 1869 899 1930 modo
916 1886 1023 1930 acuere
1037 1872 1078 1930 in·¹

78 1953 167 2032 genia
177 1951 305 2032 puerilia
324 1950 378 2012 sed
401 1969 544 2012 exercere
565 1951 731 2012 altissimum
751 1968 868 2031 qnoque
890 1951 1081 2014 eruditionem

79 2054 115 2098 ao
133 2035 284 2100 scientiam
297 2035 401 2116 possit.
437 2033 483 2096 An
498 2033 653 2097 cuiuslibet
672 2035 748 2096 annis
765 2043 810 2098 ast
833 2037 954 2113 exigere
970 2036 1103 2104 littera-⁷

31 2156 34 2161 -
78 2137 143 2180 rum
160 2114 273 2182 sonos?
299 2134 357 2182 non
372 2117 494 2180 bercule
512 2119 604 2198 magle
620 2135 704 2198 quarn
718 2135 897 2180 nervorum·
910 2118 969 2180 Aut
982 2137 1078 2199 gram·

78 2203 177 2266 matici
197 2202 300 2264 saltem
319 2219 419 2266 omnes
438 2204 467 2264 in
487 2203 562 2265 banc
582 2203 762 2265 descendent
782 2205 1077 2282 consumationem,

79 2289 212 2350 desintne
222 2286 338 2366 aliquae
349 2286 433 2348 nobis
445 2288 629 2348 necessariae
642 2287 810 2364 litteratum,
823 2303 881 2347 non
893 2287 1080 2350 cumGraeca

78 2369 232 2432 scribimus
247 2369 321 2450 (tum
336 2372 411 2432 enim
425 2370 462 2431 ab
475 2371 576 2432 iisdem
589 2370 660 2432 duas
672 2371 846 2450 mutuamur)
863 2369 1078 2450 sedpropniae,

77 2455 109 2515 ln
129 2453 252 2530 Latinis,
272 2462 303 2513 nt
323 2455 352 2515 in
371 2454 417 2514 bis
436 2473 548 2518 smnus
568 2463 598 2515 et
612 2457 724 2533 camna
742 2453 896 2515 Aeolicum
916 2454 1106 2532 digammon8

79 2536 279 2612 desideratur,
295 2545 326 2596 ut
341 2537 451 2597 medius
466 2537 638 2617 estquidam
652 2537 679 2599 ll
694 2547 724 2598 et
738 2536 751 2598 l
765 2537 882 2598 litterae
896 2553 985 2596 sonus
994 2559 1001 2606 ;
1010 2537 1079 2596 laon
1185 2579 1202 2612 ,

80 2623 156 2683 enim
171 2621 215 2682 sic
233 2620 377 2700 optimum
392 2619 510 2702 dicimus
531 2629 562 2680 ut
582 2623 730 2701 opimum,
753 2630 783 2682 ot
803 2622 832 2681 in
852 2620 926 2680 bero
942 2619 1079 2698 nequell

79 2705 168 2786 plane
184 2721 281 2784 neque
295 2701 309 2764 l
324 2702 452 2772 auditum
468 2695 618 2765 aurursus
633 2704 708 2765 aliae
721 2703 898 2780 redundent,
914 2711 1032 2784 practer
1044 2704 1105 2765 ito

52 2789 57 2799 “
78 2789 137 2851 laun
148 2781 343 2870 aspirationis,
357 2787 449 2868 (quae
461 2789 485 2849 si
496 2788 663 2850 necessaria
674 2795 730 2865 est,
743 2788 828 2848 etiam
839 2789 1011 2850 contrariam
1023 2787 1079 2848 sibi

79 2874 193 2954 poscit)
213 2881 242 2934 et
256 2869 298 2950 ll,
319 2889 392 2952 quae
410 2873 516 2954 etipsa
532 2871 708 2952 quorundam
722 2873 865 2932 nominum
878 2871 1022 2949 nomast,
1049 2880 1080 2932 et

79 2955 1093 3120 traditi-ilidii}„ttittnlinttllllubils.

252 3085 262 3116 l

77 3133 196 3201 manet,
217 3131 246 3183 et
259 3134 420 3186 nostrarum
434 3124 550 3201 ultima,
573 3141 629 3203 qua
644 3131 701 3184 tom
716 3141 818 3185 carere
835 3125 978 3204 potuimus
993 3138 1078 3201 quarn

78 3221 176 3286 ψιιοιι
192 3205 375 3287 quaerimus?
398 3205 495 3288 Atque
510 3209 596 3270 etiam
607 3207 637 3267 in
652 3208 722 3286 ipsis
736 3206 888 3270 vocalibus
903 3205 1080 3284 grammatici
1089 3213 1124 3266 10

28 3295 34 3302 '
79 3301 128 3353 est
142 3291 254 3367 videre,
270 3307 306 3350 aa
321 3288 431 3369 aliquas
444 3308 499 3371 pro
514 3290 738 3354 consonantibus
754 3309 823 3351 usus
839 3289 998 3368 acceperit,
1014 3287 1080 3366 quia

77 3377 233 3439 tonsione
248 3383 311 3436 tom
325 3373 459 3435 scribitur
480 3385 509 3436 et
522 3391 598 3456 qnos
611 3383 642 3435 nt
657 3394 719 3438 cos.
754 3375 793 3435 At
815 3391 890 3454 quae
911 3382 942 3432 ut
959 3365 1111 3432 vocales*

79 3463 238 3540 iunguntur
257 3466 306 3521 aut
325 3474 409 3519 anana
429 3457 546 3539 longam
563 3459 688 3536 iaciunt,
710 3467 741 3518 nt
759 3466 878 3518 veteres
900 3457 1082 3578 seripserunt
