2608 3948
217 197 295 260 164-
535 207 895 268 nonsummum

185 363 251 432 nie
273 379 328 441 qua
348 363 583 442 pronuntiaturus
597 371 661 438 est,
682 360 833 422 indieetur.
869 359 950 422 Haeo
970 369 1015 423 est
1035 363 1221 424 narratio.

212 445 245 509 lu
261 463 317 524 qua
331 447 427 505 ueiens
446 455 639 506 transcurram
653 443 776 506 subtiles
788 446 903 505 nimiunn
918 445 1077 506 divisiones
1092 461 1221 522 quorun-

213 530 277 590 dam
297 528 381 607 pinra
405 530 467 590 eius
489 543 599 608 panaro
622 528 798 590 iaoientium.
839 526 906 588 Non
919 530 995 588 enisu
1010 529 1103 590 solam
1116 528 1221 590 volunt

102 661 105 666 ,
213 629 280 674 esse
295 610 375 675 iilam
389 613 511 690 negotii,
531 612 571 672 tie
588 627 645 691 quo
661 612 738 692 apud
751 611 863 673 indiees
883 613 1041 691 quaeritur,
1058 612 1219 690 expositio·

212 714 277 758 nem
300 695 353 756 sed
373 710 536 774 personae,
558 705 589 756 ut
609 694 650 756 ri.
668 695 789 760 'Lollim
809 693 994 771 Moenus,
1014 695 1120 758 lutnill
1139 696 1218 772 loom

211 777 332 857 Pinnos,
354 779 471 858 house
488 782 588 860 mopis
608 795 700 868 poam
711 780 889 859 sanandae,-
912 779 987 856 iooi,
1010 788 1041 839 ut
1064 777 1218 858 Ορριιιιιιιι

212 873 257 928 est
278 865 311 926 io
331 859 524 944 Hellesponto
538 861 755 944 Lampsacum,
770 865 911 936 iuulioaop
925 864 1067 942 temporis
1086 871 1117 922 ut

295 945 378 1092 Erre
396 961 491 1025 nono,
510 948 633 1027 pallus
648 950 736 1010 mnis
750 965 820 1011 mam
834 949 984 1010 nmmum
998 945 1106 1009 humor

326 1032 454 1110 ‘quitum

212 1129 379 1192 erasarum,
402 1113 506 1194 quibus
527 1115 658 1176 historioi
678 1113 914 1194 frequentissime
928 1120 1062 1188 utuntur,
1083 1129 1149 1174 oum
1165 1131 1216 1173 ex-

181 1206 330 1275 sponuut,
346 1197 421 1258 onie
437 1197 562 1274 beilum,
577 1197 698 1274 seditio,
715 1197 891 1277 pestilentia.
923 1196 1043 1257 Praeter
1056 1195 1131 1256 iaso
1144 1195 1217 1258 alias

210 1281 359 1360 periectas
377 1281 450 1342 alias
465 1282 653 1360 imperfectas
664 1289 786 1350 snorum
805 1279 882 1358 quoi
895 1281 960 1359 quis
971 1276 1106 1358 ignorati
1136 1279 1217 1340 Adii·

211 1366 304 1440 eiunt‚
328 1364 542 1444 expositionem
563 1373 592 1424 et
612 1365 836 1443 praeteritorum
855 1379 924 1423 esse
940 1372 1117 1442 temporum,
1140 1381 1217 1442 quae

211 1456 256 1507 est
271 1447 519 1526 frequentissimum
544 1456 573 1507 et
594 1449 806 1527 praesentium,
830 1446 923 1525 qualis
942 1455 988 1506 est
1004 1444 1156 1506 Ciceronis
1178 1447 1217 1507 tie

143 1555 145 1562 ·
210 1528 342 1606 iisoursu
358 1531 514 1590 amicornm
529 1528 730 1609 Chrysogoni,
753 1539 907 1609 postquam
928 1531 1163 1598 estuominatus;
1186 1540 1218 1591 et

210 1611 387 1690 iuturorurn,
408 1629 485 1692 quiae
509 1613 581 1674 sniis
606 1614 668 1676 dari
690 1612 912 1677 vatiuinantilxas
928 1622 1042 1691 potest;
1065 1629 1130 1673 nam
1144 1605 1217 1673 ino

180 1689 337 1770 ιιύιιωσις
361 1711 419 1758 uon
438 1707 484 1757 est
503 1693 635 1760 habenda
655 1697 791 1759 namatio.
832 1695 892 1756 Seii
911 1712 967 1757 uns
987 1696 1149 1776 potioribus
1163 1711 1215 1757 va-

211 1795 319 1840 oemns.

293 1863 430 1944 Plerique
449 1881 595 1944 semper
612 1862 828 1926 narrandum
845 1870 1041 1942 putavemnt,
1064 1863 1141 1942 proi
1160 1863 1215 1924 iai·

210 1965 275 2092 iu
369 1948 694 2093 usstassais·
711 1948 1215 2110 atrismanus

183 2123 295 2192 squam
310 2118 513 2176 narrationem.
551 2115 584 2175 id
605 2077 710 2176 a’ooidit
731 2113 886 2192 aliqnando
902 2115 1016 2194 utrique
1030 2115 1125 2192 parti,
1149 2133 1214 2175 uum

95 2219 97 2224 ¹
209 2196 258 2255 vei
270 2196 348 2257 nulla
364 2199 510 2276 expositio
528 2206 588 2273 est,
610 2198 660 2258 rel
680 2197 771 2258 iera
785 2208 899 2260 onustat
921 2198 956 2259 ie
971 2199 1034 2258 turta
1050 2199 1212 2276 quianon,

209 2287 239 2338 ut
252 2280 331 2358 apud
346 2283 550 2359 oenormriros‚
566 2279 663 2344 Filius
673 2299 715 2344 on
726 2282 830 2361 frater
843 2283 955 2346 oomni
970 2297 1037 2344 sarr
1046 2282 1214 2344 ιιιισιιιιιαε

208 2361 322 2426 ament
356 2361 506 2428 Puberlos
531 2367 689 2428 annisum
716 2368 857 2445 eorporis
882 2366 988 2429 Ιιιιιιιιι
1004 2367 1212 2428 martimum?

209 2445 268 2506 Aut
284 2463 348 2508 oum
363 2456 409 2509 est
431 2449 546 2529 quidem
565 2452 594 2510 in
608 2467 641 2509 re
659 2451 817 2512 narrationi
839 2449 923 2510 ioous
943 2449 996 2511 sei
1017 2457 1065 2510 aut
1086 2457 1152 2511 ante
1167 2450 1211 2508 iu·

182 2529 266 2591 odini
280 2541 348 2592 nota
362 2541 428 2592 sunt
443 2535 536 2594 omnia
553 2543 601 2594 aut
616 2535 715 2612 priore
730 2532 798 2594 loeo
814 2543 896 2595 reete
912 2536 1056 2613 exposita.
1094 2532 1212 2594 Aouidit

208 2614 361 2694 aliqnando
377 2617 461 2678 alteri
481 2625 510 2677 et
526 2619 642 2696 saepius
658 2615 694 2678 ab
709 2626 825 2695 autore,
848 2618 897 2678 rel
912 2619 978 2697 quia
991 2619 1062 2678 satis
1080 2626 1126 2677 ast
1140 2633 1209 2694 pro-

209 2714 320 2775 ponere
343 2698 392 2759 vei
408 2702 474 2780 qnia
489 2702 533 2760 sio
547 2701 639 2780 magis
656 2702 783 2781 expedit.
824 2703 900 2763 Satis
916 2711 962 2762 est
980 2701 1106 2776 dixisse,
1131 2698 1210 2762 Gar-

207 2785 270 2842 tom
285 2783 435 2844 eredltnm
445 2786 611 2863 paeonium
621 2794 694 2865 pelo
704 2803 744 2848 eo·
753 2787 965 2866 stipulationes
980 2784 1127 2866 Lepolum
1136 2792 1210 2862 peto

208 2879 249 2922 en
271 2870 458 2928 testamento.
500 2865 643 2930 Diversae
660 2870 751 2948 partis
766 2871 912 2948 expositio
932 2878 993 2946 ast,
1016 2887 1067 2931 our
1092 2885 1127 2928 ea
1148 2884 1210 2928 uon

180 2943 376 3008 idebeautur.
411 2947 449 3009 Et
464 2952 534 3010 satis
551 2961 596 3011 est
613 2955 706 3016 sotori
722 2963 752 3014 et
765 2955 856 3031 magis
870 2953 988 3032 expedit
1004 2954 1046 3012 sio
1061 2952 1207 3013 iudieare:

208 3027 286 3092 Dino
294 3031 334 3093 ab
345 3030 474 3095 Horatio
484 3051 621 3099 sororem
631 3053 720 3099 meum
730 3037 932 3115 intersertam·
956 3034 1208 3114 Namqueetpro·

209 3115 355 3192 positione
366 3116 455 3178 iudex
467 3120 574 3179 orimen
586 3137 670 3181 omne
682 3120 844 3198 cognoscit,
863 3127 892 3179 et
908 3119 980 3181 ordo
996 3129 1025 3180 et
1040 3117 1208 3180 oausaiaoti

180 3205 261 3276 8pro
274 3199 442 3264 adversario
454 3203 546 3280 magis
560 3213 615 3264 est.
647 3202 725 3264 Reus
740 3211 841 3263 eontra
854 3211 921 3264 tuno
932 3204 1124 3263 narrationem
1140 3200 1208 3261 snb-

207 3281 312 3360 trahet‚
327 3302 390 3344 oum
405 3285 451 3361 isi,
465 3284 544 3364 quod
558 3285 708 3361 obiicitur,
728 3303 824 3365 nequo
840 3289 941 3367 negari
957 3303 1052 3365 neque
1072 3285 1212 3346 excusari

208 3368 325 3442 poterit,
342 3367 395 3427 sei
410 3369 438 3427 in
455 3368 519 3429 soia
534 3370 602 3428 iuris
623 3371 793 3446 quaestione
809 3373 965 3439 oonsistet;
981 3377 1013 3429 ut
1030 3371 1060 3428 in
1075 3385 1123 3445 eo,
1140 3370 1209 3446 qui,

208 3463 272 3507 eum
290 3451 440 3527 penuriam
457 3453 597 3529 priuatam
612 3469 651 3512 ex
669 3453 742 3515 aede
758 3469 842 3515 saera
860 3455 1040 3532 surripuerit,
1058 3451 1211 3530 eaomlegii
1288 3455 1289 3503 ἒ
