2592 3940
403 230 493 280 rnen.
508 229 658 280 onanon.
671 231 741 281 ιιι.
751 231 798 296 vr,
810 231 836 281 1.
1061 221 1121 282 25⁷

118 381 188 449 Nora
202 384 377 448 ruderarie
389 384 514 462 paidom
528 385 695 464 sumebam,
710 385 768 448 aad
780 387 828 447 sie
843 387 1003 465 mripaird.
1022 383 1123 449 idere!

119 477 150 530 et
165 485 249 546 quam
264 469 358 547 potuit
372 467 615 530 trunulentissime
628 486 692 528 eum
708 471 832 548 aspexit.
876 468 952 533 titud
965 472 1166 550 praeeipuam

118 551 309 628 monendum,
323 569 361 610 ιιι
377 553 441 630 quis
456 553 511 612 nisi
531 554 646 612 summis
661 555 772 630 ingenii
788 552 897 614 viribus
913 553 950 614 ad
964 554 1122 615 mendas

119 636 253 699 lacrimas
269 635 391 714 aggredi
412 635 609 704 eademnam
626 645 658 695 ιιι
677 645 723 696 ιιι
742 637 831 714 longe
851 637 1122 698 vehementissimus

120 719 189 796 bio,
211 737 276 778 oum
292 718 428 796 invaluit,
446 718 585 817 adeptus:
602 719 655 795 ita,
668 738 692 779 ιι
710 719 780 782 nibil
795 720 901 796 eidoit,
917 730 1015 800 tepet;
1036 729 1122 799 duem

119 801 222 862 melius
233 801 362 862 iniirmus
373 811 455 862 aeter
465 793 559 863 tacitis
572 801 695 864 iudicum
707 804 930 881 eogitationibns
942 803 1119 882 reliquisset.

119 885 191 946 Nam
210 894 239 945 et
258 885 355 946 vultus
377 895 407 946 ιι
421 903 480 946 vox
495 887 603 964 etipsa
619 886 670 947 illa
693 889 810 948 exeitati
831 889 875 947 rei
890 889 982 948 iacies
998 887 1163 956 ludibriosa

120 972 206 1030 etiam
232 968 404 1048 plerumque
429 978 495 1030 sunt
518 968 697 1048 bominibus,
723 987 797 1048 quos
823 988 880 1031 non
905 980 1120 1050 permoverunt.

121 1053 219 1128 Quare
239 1054 374 1114 metiatur
393 1071 429 1113 ao
450 1053 607 1130 diligenter
626 1055 758 1114 aestimet
782 1055 861 1113 vires
888 1073 955 1115 suas
976 1064 1059 1116 aotor
1081 1064 1121 1132 et,

120 1146 256 1215 quantum
276 1137 517 1212 onuasubiturus
538 1139 591 1212 sit,
612 1135 769 1214 intelligam
791 1137 861 1197 nihil
882 1137 969 1198 babet
991 1139 1047 1199 ista
1072 1155 1122 1200 res

120 1221 243 1282 medium
265 1222 318 1282 sed
334 1229 383 1280 aut
402 1221 535 1280 lacrimas
550 1229 678 1280 meretur
693 1229 741 1280 aut
757 1222 855 1280 risum.

203 1303 269 1363 Non
294 1312 389 1364 autern
417 1319 602 1363 commovere
627 1312 734 1364 tantum
764 1306 1042 1365 miserationem
1070 1305 1164 1377 sedas

121 1389 207 1448 etiam
218 1386 409 1446 disentere
422 1387 532 1466 epilogi
544 1396 588 1447 est
600 1390 747 1466 proprium
759 1405 822 1448 oum
833 1389 965 1448 oratione
977 1389 1121 1464 continua,

120 1487 197 1550 quae
217 1479 313 1530 motos
333 1469 459 1530 laorimis
478 1469 589 1531 iudices
604 1471 639 1532 ad
660 1472 794 1532 iustitiam
815 1473 937 1532 redueat
956 1481 1016 1532 tum
1035 1473 1122 1531 etiam

121 1553 290 1633 quibusdam
304 1552 415 1614 urbane
430 1553 533 1631 dietis,
550 1555 637 1633 quala
654 1564 700 1616 est
717 1553 798 1616 Date
817 1574 915 1634 puero
931 1574 1060 1634 param,
1083 1574 1122 1616 ue

120 1639 237 1719 ploret,⁸
256 1631 469 1716 eteorpulento
486 1639 639 1716 litigatori,
652 1639 946 1714 ouiusadveraarius,
958 1641 1028 1698 item
1038 1653 1162 1716 parent-1

123 1724 199 1783 eirea
214 1721 326 1782 iudiees
341 1730 404 1803 arat
421 1721 456 1782 ab
472 1722 614 1782 advocato
628 1722 720 1783 intus:
753 1721 836 1794 Ouid
850 1724 990 1800 sociem?
1013 1741 1068 1801 epo
1093 1730 1123 1782 te

120 1806 262 1868 amatore
275 1824 338 1867 nora
350 1794 485 1884 possam.
530 1805 590 1866 Sed
604 1806 678 1866 baeo
690 1815 785 1866 tamen
797 1823 854 1866 non
866 1805 973 1866 debent
989 1823 1060 1865 esse
1071 1805 1121 1864 mi·

120 1890 202 1949 rniea.
247 1887 350 1968 Itaque
368 1906 423 1950 nee
440 1889 521 1949 illum
534 1889 733 1967 probaverim,
748 1907 910 1968 qumquam
926 1890 1001 1948 inter
1022 1885 1122 1948 elaris·

120 1971 276 2032 simoneni
300 1973 441 2050 temporis
462 1981 595 2034 oratores
619 1973 688 2048 init,
714 1975 777 2051 qui,
802 1975 900 2052 pneris
921 1975 950 2032 in
974 1973 1122 2051 epilogum

119 2056 287 2136 productis,
303 2054 379 2116 talos
396 2057 464 2116 ieeit
491 2057 520 2116 in
542 2057 681 2132 medinam,
703 2072 777 2136 quos
798 2055 841 2116 illi
865 2057 992 2135 diripere
1014 2073 1121 2133 eoepe-

118 2149 198 2212 runt;
214 2158 336 2220 namque
351 2139 425 2201 haee
442 2141 506 2219 ipsa
520 2140 691 2202 disoriminis
706 2141 750 2200 sai
765 2142 926 2218 ignorantie
946 2141 1040 2220 potuit
1053 2155 1122 2199 esee

118 2223 307 2292 miserabilis;
330 2242 426 2302 neque
446 2225 542 2302 iilum,
564 2226 629 2305 qui,
654 2243 727 2286 oum·
742 2234 824 2286 esset
849 2235 985 2286 eruentus
1007 2223 1164 2302 gladiustd

119 2307 156 2368 ab
170 2315 342 2368 recreatore
360 2307 507 2386 prolatus,
528 2325 586 2386 qno
605 2310 630 2368 is
655 2309 799 2370 bonoim
819 2309 961 2386 probabat
980 2309 1120 2381 oeoisum,

120 2390 215 2450 subito
239 2408 276 2448 ex
296 2390 444 2450 subselliis
467 2399 498 2449 ut
519 2393 637 2452 territus
658 2391 747 2468 fugit,
777 2401 823 2468 et,
855 2394 950 2470 eapite
977 2408 1015 2450 ιιι
1039 2397 1122 2467 parte

118 2474 235 2550 velato,
254 2472 365 2534 eumad
380 2473 522 2550 agendum
538 2473 673 2534 exturba
688 2476 907 2553 prospexisset,
919 2474 1119 2550 interrogavit,

119 2556 303 2620 sodomitis
318 2575 387 2618 oram
404 2558 509 2634 plodio
530 2557 728 2620 reparatores?
766 2557 848 2634 Feoit
870 2558 945 2617 enirn
961 2559 1049 2616 risum
1069 2554 1122 2615 sed

119 2640 259 2700 ridieulus
280 2639 342 2700 fuit.
386 2639 592 2702 Discutiendae
616 2651 711 2704 tamen
734 2643 866 2702 oratione
891 2638 1031 2701 eiusmodi
1058 2656 1122 2698 see·
1128 2645 1164 2702 49

120 2741 190 2801 nae,
217 2725 396 2802 egregieque
428 2722 549 2808 Cicero,
578 2726 626 2804 qui
660 2735 759 2786 eontra
791 2725 943 2823 imaginem
977 2721 1121 2784 Saturnini

119 2824 174 2888 pro
205 2806 324 2868 Rabirio
355 2809 484 2884 graviter
517 2817 549 2868 ιι
578 2819 679 2869 eontra
709 2810 861 2885 iuvenem,
894 2810 974 2868 onius
1000 2805 1121 2866 subinde

118 2892 252 3034 {ulnus
244 2909 272 2952 ιιι
294 2891 401 2953 iudioio
416 2891 636 2971 resolvebatur,
658 2909 711 2972 pro
731 2891 849 2954 Vareno
876 2891 965 2954 muita
989 2891 1060 2951 dixit
1074 2907 1120 2950 ur·

141 2992 204 3034 ane.

200 3057 271 3118 Sunt
301 3069 330 3119 ιι
354 3060 396 3121 illi
422 3060 550 3122 leniores
575 3060 697 3140 epilopi,
724 3059 828 3140 quibus
849 3058 1017 3120 adversario
1038 3057 1164 3121 satis-to
1288 3095 1289 3098 κ

120 3140 259 3217 indimus,
280 3143 306 3200 si
327 3142 403 3204 forta
425 3146 462 3205 sit
484 3147 546 3208 eins
562 3161 689 3224 persona
708 3143 792 3221 talis,
814 3152 845 3203 nt
859 3143 902 3204 iili
919 3142 1060 3203 debeatur
1074 3159 1120 3201 re·

120 3225 269 3300 verentia,
287 3233 336 3286 aut
354 3243 417 3286 oum
434 3231 526 3290 amiee
541 3229 650 3308 aliquid
666 3244 882 3290 eommonemus
898 3236 929 3286 et
946 3226 981 3286 ad
999 3241 1121 3285 oonoor·

119 3309 196 3370 dranr
207 3308 363 3369 hortamur
386 3308 472 3383 Quot
483 3322 529 3374 ιιι
540 3331 633 3392 panus
643 3315 765 3391 egregia
779 3309 1120 3385 traetatumaPassieno,

121 3410 186 3454 oum
204 3391 348 3454 Domitiae
372 3396 473 3454 uxoris
493 3414 563 3456 suae
587 3397 753 3475 peouniaria
770 3396 821 3456 lite
842 3396 982 3456 adversus
1002 3393 1122 3454 tratrem

122 3475 184 3536 eins
198 3474 404 3539 Aenobarbum
422 3488 538 3558 ageret:
561 3498 641 3554 narn,
663 3498 726 3542 oum
744 3479 780 3540 de
802 3477 1017 3542 nemesimdine
1034 3477 1123 3540 multa

162 3581 193 3621 ιι.
204 3581 228 3620 ι.
242 3582 355 3632 purnrrn.
933 3563 969 3624 17
