2570 3946
374 225 463 276 meu.
487 224 637 280 oetaeu.
657 226 727 276 nte.
750 226 777 291 ι,
800 224 840 276 ιο.
1069 215 1109 276 et

104 387 250 462 dicmur,
280 381 454 444 exitdmant.
499 380 532 444 id
558 379 689 458 vulgaris
719 380 820 460 opinio
852 389 906 440 est
957 379 1025 442 Nee
1053 381 1149 449 street

104 483 192 532 senet
218 467 322 530 summi
347 464 404 527 uiri
432 463 520 527 etiam
541 465 705 544 impensem·
722 463 799 528 huie·
817 465 962 526 somnam
988 476 1111 546 eperat

103 553 254 616 dederuut.
298 547 372 610 Nem
395 566 462 610 eum
479 550 521 610 sit
542 549 711 627 geometria
736 549 829 609 divisa
852 548 881 610 itt
908 567 1044 610 numeros
1070 560 1111 612 at·

103 651 161 718 qne
179 637 305 698 formas:
337 647 520 693 numeroram
541 633 658 712 quidem
685 632 786 694 peada
809 648 867 692 non
888 635 997 694 armori
1024 635 1110 696 modo

102 722 157 784 sed
180 721 346 798 cuicunque
366 716 473 778 seder
488 716 589 796 primis
611 717 715 778 litteris
734 715 849 776 erudito
863 719 1037 780 ,neomaenia
1055 729 1110 782 est.

102 805 135 868 ln
150 805 247 867 causis
265 818 338 866 vero
354 800 590 881 ireqneutiuime
607 801 719 862 rasari
737 799 830 870 solet3
853 801 1007 882 inquibus·
1017 813 1111 880 aeter,

102 905 163 952 ue}
183 887 266 964 dion,
288 887 313 945 si
331 886 410 946 eirca
430 884 698 966 rammastrepidat
716 883 772 945 sed
791 885 817 944 si
838 883 994 966 digitorum
1008 887 1112 948 salem
1154 909 1162 922 ’

102 975 219 1034 incerto
240 979 295 1034 ant
310 968 454 1032 indecora
471 977 595 1048 mana
620 969 1010 1048 eomputationedissentit‚
1039 971 1111 1034 isti-

102 1065 186 1120 cetnr
207 1053 352 1118 indentes.
391 1053 447 1116 llla
464 1070 537 1114 vero
556 1053 675 1116 linearis
699 1054 775 1129 ratio
794 1063 825 1114 et
846 1055 910 1134 ipsse
928 1055 1045 1134 quidem
1062 1067 1154 1123 ets-tte

102 1141 144 1203 dit
164 1139 337 1220 frequenter
361 1139 390 1198 iu
413 1153 536 1215 canem,
563 1138 591 1198 ei
615 1137 653 1200 de
676 1137 806 1198 terminis
825 1139 1026 1218 neumisque
1053 1140 1112 1200 sint

102 1225 186 1295 litem
204 1223 261 1286 sed
276 1221 366 1287 halet
387 1222 526 1284 maiorem
548 1221 690 1301 maulam
708 1220 795 1282 aliam
812 1239 877 1283 cnm
900 1231 962 1283 arte
982 1225 1112 1284 oratorie

104 1310 316 1388 cognationem
360 1306 486 1368 l'rimrrm
513 1304 589 1367 orde
619 1313 666 1366 est
695 1307 879 1384 geometriae
910 1309 1151 1376 neceesariumet

102 1411 198 1454 nonne
217 1401 247 1455 et
261 1387 471 1470 eloquentiae?
503 1388 551 1450 lix
567 1389 714 1470 prioribus
729 1391 893 1468 geometria
910 1391 1016 1470 prohat
1035 1392 1111 1452 inse·

103 1478 222 1558 quentia
249 1483 281 1536 et
302 1475 391 1535 certis
416 1475 543 1543 lacertu
577 1489 673 1536 renue
700 1474 730 1535 id
760 1476 788 1535 iu
817 1475 942 1536 dicendo
968 1473 1112 1538 facimus?

104 1557 202 1636 Qnidl
233 1557 284 1620 illa
313 1559 529 1638 propositarum
555 1559 758 1637 quaestionum
783 1559 938 1620 conclusio
965 1560 1112 1623 ueniere

103 1654 165 1707 tota
194 1651 309 1706 constat
336 1637 540 1721 2epllogismisi
582 1641 706 1723 Propter
733 1643 811 1721 quod
840 1642 941 1722 plures
970 1645 1111 1720 invenies,

103 1730 153 1809 qui
172 1727 351 1790 dialecticae
365 1727 490 1786 similene
513 1741 598 1806 qnam
614 1727 664 1808 qni
682 1726 850 1788 rhetoricae
871 1728 1017 1790 fateantur
1037 1727 1112 1790 haue

103 1821 204 1874 artem.
248 1811 358 1874 Verum
375 1819 408 1872 et
426 1819 527 1873 orator
550 1811 663 1872 etiamsi
684 1825 752 1872 rato
775 1826 833 1870 non
854 1820 950 1874 tamea
970 1827 1113 1891 numnam
1226 1869 1228 1872 .

103 1895 240 1976 prebebit
260 1893 427 1956 dialectice.
461 1893 535 1956 Nam
552 1903 583 1954 et
597 1894 789 1972 syllogismis,
806 1895 832 1953 si
848 1912 898 1955 res
916 1904 1033 1974 poscet,
1049 1903 1110 1955 nte·
1120 1904 1155 1960 38

102 1990 149 2042 tur
171 1988 201 2040 et
224 1986 306 2039 certe
329 1977 559 2056 enthymemate,
583 1979 632 2057 qui
654 1977 888 2040 rhetoricusest
912 1978 1111 2057 syllogismus.

101 2064 236 2143 Denique
263 2061 467 2142 probationum
503 2079 580 2141 queo
608 2071 674 2124 sunt
700 2063 921 2142 potentissimae
949 2060 1113 2144 ypoppmol

105 2139 265 2222 euroeae
285 2147 377 2226 vulgo
397 2147 548 2210 dieantur:
570 2147 639 2227 quld
665 2155 760 2208 entem
783 2147 875 2226 magis
896 2149 1003 2226 oratio„
1027 2166 1112 2228 quam

103 2231 306 2312 probationem
329 2229 426 2310 petiti
469 2229 557 2292 Falsa
575 2248 693 2311 quoqne
721 2232 800 2292 reris
821 2231 927 2294 similit
950 2231 1155 2310 mensurate

102 2318 216 2378 ratione
238 2313 441 2394 deprehendit.
469 2313 531 2376 -Fit
550 2315 608 2376 heo
631 2324 660 2378 et
676 2318 705 2376 iu
728 2317 855 2378 numeris
877 2329 932 2396 per
962 2315 1112 2395 quasdam,

104 2417 177 2479 quas
189 2398 414 2480 qreedoypupiep
433 2407 557 2476 vocent,
579 2399 684 2480 qeibrrs
704 2401 788 2480 pueri
808 2400 913 2460 ledere
934 2399 1111 2460 solebamus.

103 2483 165 2544 Sed
187 2482 246 2542 elie
268 2482 377 2542 maiora
397 2491 474 2542 suut.
521 2480 594 2544 liam
615 2484 682 2562 quis
703 2501 763 2545 aon
784 2485 824 2545 ita
847 2483 1023 2562 proponenti
1050 2498 1112 2544 ore·

104 2567 169 2630 dat:
211 2564 340 2638 Quorum
362 2565 494 2626 locorum
515 2574 665 2630 extremae
688 2568 786 2630 lineae
808 2566 932 2627 eandem
951 2579 1114 2626 mensuram

104 2650 265 2728 eolligunt,
287 2665 388 2711 eornm
409 2649 533 2728 epatium
556 2665 684 2730 quoque,
708 2651 787 2731 quod
807 2649 852 2712 ets
876 2650 960 2711 liuteis
983 2649 1113 2712 eontine-

103 2744 166 2811 tur‚
196 2751 250 2813 par
279 2733 464 2794 sitneoesse
483 2728 551 2793 esti
596 2733 635 2794 At
656 2729 685 2796 id
706 2733 812 2796 laisum
830 2743 886 2796 eet
931 2733 1004 2796 Natu
1025 2734 1156 2814 pluri-40

102 2835 179 2880 mum
200 2817 411 2894 cateruarios
433 2817 471 2880 sit
494 2816 607 2878 iormee
629 2817 680 2879 tlte
704 2819 859 2888 circuitum
881 2819 1113 2899 reprehensique

105 2922 121 2964 n
139 2903 300 2981 geometris
319 2909 385 2962 sent
405 2901 548 2979 historici,
569 2903 636 2980 quia
654 2903 879 2982 magnitudinem
895 2904 1052 2965 insularum
1066 2920 1113 2964 sa-

103 2987 141 3048 tis
159 2987 317 3064 significari
334 2987 527 3064 navigationis
542 2985 649 3048 ambitu
669 2987 864 3050 crediderunt.
885 2986 958 3050 Nam
976 2997 1006 3048 ut
1025 3003 1113 3066 quae·

106 3087 163 3149 que
186 3069 279 3130 loma
300 3070 516 3149 perlectissima
531 3072 572 3132 ite
596 3073 788 3150 capacissime
813 3079 866 3134 est.
912 3071 1042 3150 ideoque
1065 3070 1153 3132 illati

107 3155 336 3214 circumcurrens
355 3154 432 3216 linea
446 3155 473 3214 ei
484 3154 594 3216 elliciet
611 3155 723 3233 orbem
743 3173 819 3236 quiae
835 3156 928 3217 forma
944 3165 990 3217 est
1008 3157 1036 3215 in
1051 3153 1113 3233 ple·

104 3238 149 3297 nis
163 3237 287 3296 maxime
302 3238 454 3316 perlecta,
475 3239 598 3318 amplius
616 3243 740 3320 spatium
759 3240 972 3318 complectetur
988 3251 1074 3316 mam
1089 3239 1113 3296 si

106 3321 276 3401 quadratum
288 3320 406 3399 paribus
426 3322 486 3381 orie
504 3322 623 3384 efficiat.
656 3323 768 3386 Rursus
789 3321 929 3402 quadrata
950 3322 1112 3401 triangulis,

106 3405 251 3484 triangula
269 3405 333 3484 ipsa
350 3403 417 3483 plue
436 3406 538 3484 aequis
553 3406 694 3468 lateribus
712 3420 797 3487 quarn
812 3405 1023 3484 inaequalibus.
1055 3405 1156 3468 setta

106 3489 163 3552 alie
186 3488 308 3552 forsitan
331 3488 517 3555 obscuriora:
543 3506 597 3550 noe
614 3490 782 3553 laoillimnm
803 3491 889 3550 etiam
909 3492 1049 3638 ipperitis
1067 3507 1113 3552 se·
