2608 3948
211 249 271 313 150
525 261 888 322 assumpseramus

166 418 307 498 liplures
328 416 528 478 iudicationes.
562 412 660 489 ouili
682 433 740 475 nou
761 416 789 475 in
811 432 899 478 eausa
920 413 1035 478 Milonis
1056 419 1121 497 ipsa
1139 434 1207 481 oon·

207 504 319 563 iectura
334 501 461 562 reiertur
476 500 513 560 ad
528 496 716 580 qualitatem?
731 515 796 560 nam
811 501 836 560 si
850 508 897 560 eet
910 500 1062 562 insidiatus
1075 499 1207 581 clodius,

206 586 354 666 sequitur,
377 593 410 645 nt
431 593 512 646 rente
534 583 571 642 sit
591 585 717 644 oooisus.
767 577 838 644 (ium
858 600 932 644 vero
953 585 982 644 in
1001 584 1127 665 aliquam
1146 605 1209 648 rom

207 672 295 732 missa
318 685 405 730 eausa
424 683 574 728 reaessam
596 676 641 727 est
664 669 887 747 aquaestione,
912 685 987 749 quae
1008 678 1085 730 erat:
1111 681 1140 731 et
1161 671 1209 732 lrio

208 756 364 816 constituta
379 753 529 833 qaeestio,
549 749 597 811 ubi
614 751 750 812 iudicatio
766 761 820 812 est.

166 847 200 902 18
290 837 407 897 Paulum
428 837 457 895 in
477 835 521 896 lsis
543 853 643 896 seeum
665 837 751 896 etiam
773 833 879 896 cinero
900 836 1042 899 dissentit.
1085 835 1158 897 Nam
1179 839 1208 898 iu

208 919 375 980 libetom’ais
396 918 655 1000 (quemadmodum
671 935 758 998 supra
777 919 860 1000 dixi)
881 920 1081 1000 Hermagoran
1100 929 1146 981 est
1161 939 1208 982 sa·

209 1012 306 1072 nutum
331 1005 359 1063 iu
374 1002 493 1082 'rapinis
510 1021 547 1063 ex
562 1011 638 1063 statu
651 1001 786 1066 elieotam
804 1005 1018 1066 contentionem
1035 999 1210 1088 κρινόμενον

208 1087 370 1165 animarat,
391 1087 480 1168 idque
498 1086 653 1164 Trebatio,
669 1088 718 1167 qui
731 1089 803 1148 iuris
820 1097 883 1148 erat
898 1089 1059 1167 consultus,
1076 1089 1209 1150 alludens

207 1183 272 1250 qao
287 1172 327 1232 de
343 1191 381 1234 re
392 1173 498 1252 opiter
514 1171 657 1251 appellat;
673 1170 778 1251 quibus
794 1171 823 1232 id
840 1173 1036 1250 contineatur,
1053 1174 1209 1236 madm-

207 1257 263 1333 b'o,
277 1257 369 1335 quusi
380 1255 576 1336 firmamento
590 1255 785 1333 defensionis,
801 1257 915 1335 quitus
925 1257 1057 1320 motam
1071 1258 1211 1338 sepedo

166 1355 200 1410 19
206 1341 291 1402 audo
304 1340 364 1412 ss't,·
377 1346 407 1399 at
420 1341 448 1398 in
463 1337 665 1399 Partitionibus
678 1340 815 1401 oratoriis
829 1339 1112 1417 firmamentum,
1131 1340 1210 1421 quod

110 1505 118 1532 =
208 1422 900 1585 tibitibi-iiiiatltdilttib
919 1425 1209 1570 liiirtiiiiriiz

207 1592 295 1652 menti
313 1592 484 1671 quaestione
507 1590 739 1670 disceptatio
760 1595 798 1652 sit
820 1593 1104 1655 iudloationum.

290 1674 398 1737 Verius
417 1678 505 1753 igitur
526 1684 555 1735 et
569 1675 687 1735 brevius
702 1676 747 1753 bi,
771 1677 820 1754 qui
841 1684 944 1737 statum
965 1686 994 1736 et
1013 1679 1163 1738 continens
1180 1685 1211 1735 et

207 1759 411 1820 iudicationem
434 1777 503 1821 esse
522 1760 692 1828 volueruut;
717 1761 868 1820 oontiueus
887 1760 1028 1820 autemid
1044 1777 1130 1837 esse,
1151 1776 1210 1838 quo

171 1841 320 1904 aosnblato
337 1843 372 1904 lis
390 1861 458 1905 esse
474 1861 532 1904 uon
547 1845 650 1923 possit.
680 1841 744 1905 lloo
758 1843 825 1905 mihi
837 1843 970 1905 ridentur
980 1853 1130 1926 utmmque
1142 1861 1211 1904 oau-

208 1943 269 1987 sam
291 1928 454 2008 oomplexi,
471 1936 500 1989 et
516 1927 595 2007 quod
613 1925 735 1989 Orestes
752 1937 871 1989 matrem
886 1936 916 1989 et
932 1928 1009 2007 quod
1027 1925 1211 2004 clymenus-

208 2019 268 2071 stm
282 2010 529 2089 Agamemnonem
544 2012 695 2072 oooiderit.
731 2011 821 2073 Iidem
841 2011 1042 2073 iudicationem
1062 2020 1092 2070 et
1106 2020 1212 2072 statim

209 2096 375 2155 consentire
390 2111 507 2174 semper
522 2095 736 2170 existimarunt,
752 2112 848 2173 neque
867 2096 941 2154 enim
957 2092 1034 2153 aliud
1050 2108 1151 2172 eorum
1166 2112 1212 2154 ra-

208 2177 279 2236 tioni
297 2179 476 2237 conveniens
492 2177 606 2236 inisset.

166 2271 199 2326 21
291 2258 400 2319 Verum
417 2260 491 2320 lmen
506 2260 641 2320 adnotata
659 2259 802 2321 subtilitas
821 2259 900 2320 aima
914 2260 1028 2322 nomina
1043 2275 1140 2319 rerum
1153 2276 1212 2321 am·

207 2343 314 2404 bitiose
334 2342 463 2421 laborat,
485 2363 502 2405 a
524 2342 609 2404 nobie
630 2344 660 2402 in
680 2344 738 2404 loo
758 2351 903 2424 assmnpta
918 2343 1029 2423 solum,
1050 2362 1087 2404 ne
1110 2361 1214 2424 param

208 2427 364 2506 diligenter
377 2429 533 2508 inquisisse
549 2427 587 2488 de
602 2443 705 2507 opere,
722 2425 800 2508 quod
816 2429 951 2508 aggressi
968 2445 1077 2505 sumus,
1095 2427 1212 2488 uidere·

208 2525 285 2581 mus:
310 2511 469 2592 simplieius
492 2522 587 2574 autem
607 2513 766 2574 instituenti
787 2528 844 2572 non
866 2521 912 2573 est
931 2529 1057 2574 neeesse
1078 2529 1133 2594 per
1153 2521 1214 2573 tam

165 2597 330 2662 taminatus
348 2608 445 2656 rernm
468 2595 627 2676 perstemus
644 2597 784 2657 rationem
802 2597 928 2660 doeeudi
941 2597 1108 2658 considere.
1146 2593 1212 2670 Quo

208 2680 279 2740 vitio
293 2680 376 2741 multi
391 2681 506 2761 quidem
524 2680 702 2757 laborarunt,
718 2683 878 2760 praecipue
891 2690 987 2743 tamen
1003 2680 1212 2758 llermagoras,

208 2765 253 2823 vir
268 2763 378 2844 alioqui
393 2764 507 2824 subtilis
523 2773 553 2824 et
566 2766 595 2824 in
609 2763 740 2844 plurimis
755 2765 947 2842 admirandus,
963 2773 1072 2826 tantum
1089 2764 1213 2841 diligen-

208 2848 268 2906 tiae
283 2849 397 2906 nimium
412 2847 574 2924 tailliatae,
599 2849 710 2928 etipse
725 2849 788 2909 eius
805 2849 996 2928 reprehensio
1012 2848 1098 2911 lande
1114 2847 1213 2926 aliqua

167 2942 268 2995 asson
288 2930 404 3009 indigna
429 2932 475 2992 sit.
520 2931 601 2992 llueo
623 2941 719 2993 antem
739 2932 858 2993 breuior
878 2941 908 2992 et
927 2932 977 2992 vel
998 2932 1065 2994 ideo
1088 2931 1214 2992 lueidior

210 3011 301 3074 multo
316 3016 364 3074 via
375 3024 473 3094 nequo
488 3013 649 3076 discentem
664 3033 718 3095 per
734 3015 872 3093 ambages
887 3015 1018 3093 ittig-alsit
1032 3033 1089 3076 neo
1104 3031 1213 3093 corpas

211 3099 350 3159 orationis
371 3098 400 3157 in
421 3115 511 3177 parua
531 3108 674 3160 momenta
703 3099 835 3161 maenio
863 3108 1022 3159 consumet.
1065 3098 1137 3160 Nam
1164 3097 1214 3176 qui
1293 3169 1294 3177 ἵ

210 3182 331 3259 viderit,
353 3181 421 3260 quid
437 3184 489 3260 sit,
512 3184 590 3262 quod
607 3184 636 3242 iu
650 3183 880 3243 controuersiam
894 3183 1010 3258 veniat,
1032 3183 1100 3262 quid
1124 3183 1153 3241 in
1174 3197 1212 3243 eo

212 3275 241 3326 et
257 3283 311 3345 per
332 3281 407 3345 quae
420 3266 494 3326 velit
508 3266 628 3326 efficere
642 3281 710 3343 pars
726 3264 858 3342 diversa,
877 3266 945 3345 quid
959 3274 1074 3342 nostra,
1091 3266 1169 3346 quod
1185 3267 1215 3325 in

211 3351 311 3429 primis
327 3358 373 3410 est
385 3350 564 3410 intuendum:
584 3347 654 3408 nihil
669 3363 769 3410 eorum
783 3350 937 3428 ignorare,
953 3348 1109 3429 dequibus
1125 3367 1215 3430 supra

171 3433 345 3510 addiximus,
361 3435 480 3512 poterit.
509 3431 614 3512 Neque
631 3441 676 3494 est
690 3433 754 3494 iere
770 3434 921 3514 quisquam
935 3434 1023 3495 modo
1034 3447 1091 3493 non
1107 3433 1215 3495 stultus

217 3525 300 3576 ····ue
318 3515 355 3576 ab
370 3516 446 3575 omni
466 3532 587 3594 prorsus
602 3533 656 3578 usu
677 3516 791 3580 dioeudi
811 3525 956 3595 remotus,
982 3517 1051 3597 quin
1072 3519 1161 3600 sciat,
1185 3525 1216 3577 et
1291 3543 1292 3614 ἐ
