2570 3946
308 187 313 200 '
395 209 486 258 anau.
501 209 651 259 aaaron.
665 207 812 276 nrn.1,a.
1073 200 1110 260 15

107 365 238 446 proderit
251 365 366 428 laudata
381 362 727 438 industria„exoitabitnr
742 362 828 426 laude
843 364 1009 440 aemulatio,
1025 373 1152 444 turpem

106 450 194 515 ducet
208 449 317 510 cedere
337 450 416 526 pari,
433 447 585 526 pulchrum
600 463 758 526 superasse
772 449 909 508 maiores.
939 447 1112 508 Accendant

107 535 202 596 omnia
216 533 290 594 baec
304 535 431 608 animos,
450 540 480 591 et
495 531 566 591 licet
580 531 644 608 ipsa
661 531 759 590 vitium
774 531 811 590 sit
826 531 953 607 ambitio,
972 531 1109 610 frequen·

105 627 151 681 ter
167 627 263 679 tamen
284 633 373 677 cansa
393 617 529 676 virtutum
550 622 605 674 est.
645 613 711 674 Nou
731 614 860 676 inutilem
882 617 945 676 scio
966 625 1153 684 servatumtt

107 719 176 764 esse
203 718 220 761 a
241 697 485 778 praeceptoribus
510 699 583 756 meis
606 714 732 774 morem,
762 700 827 776 qui,
857 717 921 761 cum
946 715 1056 778 pueros
1081 702 1111 760 in

105 785 220 848 classes
242 781 465 857 distribuerent,
492 780 622 842 ordinem
642 781 757 842 dicendi
783 783 941 844 secundum
964 785 1042 844 vires
1068 784 1109 844 in·

105 870 185 946 genii
201 866 320 936 dabant;
344 874 374 926 et
395 866 434 926 ita
453 867 607 943 superiore
625 863 694 925 loco
716 867 841 946 quisque
863 865 1060 942 declamabat,
1080 875 1111 926 ut

105 951 290 1031 praecedere
313 949 450 1031 proiectu
473 947 636 1009 videbatur.
680 949 770 1010 liuius
793 951 837 1010 rei
856 951 963 1012 iudicia
987 950 1153 1028 praebe-al

105 1035 224 1103 bantur;
259 1052 295 1096 ea
321 1033 406 1094 nobis
433 1034 535 1110 ingens
563 1031 677 1110 palmae
704 1036 870 1111 contentio,
902 1033 1011 1094 ducere
1037 1051 1109 1094 vero

106 1118 231 1179 classem
251 1117 341 1178 multo
362 1116 596 1196 pulcherrimum.
625 1115 689 1176 Nec
709 1116 746 1178 de
766 1117 824 1177 boc
846 1118 939 1178 semel
961 1117 1111 1178 decretum

106 1211 183 1270 erat;
205 1203 369 1263 tricesimus
390 1200 454 1261 dies
473 1198 616 1260 reddebat
635 1201 714 1260 victo
737 1202 901 1261 certaminis
922 1209 1108 1280 potestatem.

104 1284 148 1347 lta
163 1303 219 1345 nec
238 1286 373 1364 superior
393 1293 534 1344 successu
556 1301 654 1343 curam
668 1283 833 1344 remittebat
850 1291 880 1345 et
894 1283 980 1345 dolor
1003 1286 1110 1346 victum

105 1368 142 1430 ad
157 1367 360 1446 depellendam
374 1369 559 1444 ignominiam
574 1366 748 1427 concitabat.
779 1366 812 1428 ld
827 1367 911 1428 nobis
927 1370 1057 1429 acriores
1073 1367 1150 1428 adut

105 1451 200 1511 studia
221 1449 335 1511 dicendi
357 1450 438 1510 iaces
458 1448 622 1510 subdidisse
645 1468 729 1530 quam
751 1450 982 1513 exhortationem
1000 1451 1108 1512 docen-

105 1535 192 1608 tium,
221 1532 461 1612 paedagogorum
487 1532 665 1609 custodiam,
688 1543 758 1596 vota
779 1545 944 1614 parentum,
973 1543 1107 1614 quantum

105 1618 190 1678 animi
211 1619 267 1677 mei
287 1617 455 1676 coniectura
477 1615 620 1693 colligere
639 1634 773 1696 possum,
800 1618 1007 1680 contenderim.
1049 1617 1108 1678 Sed
1116 1622 1150 1676 26

105 1702 181 1762 sicut
200 1699 343 1762 firmiores
366 1701 395 1760 iu
417 1698 522 1760 litteris
542 1701 693 1778 proiectus
714 1701 765 1762 alit
786 1703 955 1763 aemulatio:
977 1703 1017 1762 ita
1037 1702 1107 1762 inci-

104 1782 250 1864 pientibus
273 1793 361 1864 atque
384 1783 477 1844 adbuc
498 1786 607 1844 teneris
632 1785 896 1864 condiscipulorum
919 1803 1003 1865 quam
1023 1802 1107 1864 prae·

106 1868 236 1945 ceptoris
261 1867 430 1942 iucundior,
454 1866 513 1928 boe
538 1868 604 1944 ipso
633 1867 710 1945 quod
735 1869 869 1948 iacilior,
902 1870 1022 1928 imitatio
1051 1876 1106 1927 est.

103 1951 163 2012 Vix
186 1951 315 2010 enimse
337 1951 428 2028 prima
450 1950 595 2011 elementa
617 1951 652 2010 ad
674 1967 756 2028 spem
779 1951 887 2012 tollere
912 1950 1106 2027 attingendae,

105 2051 190 2112 quam
211 2051 347 2094 summam
366 2040 481 2113 putant,
508 2033 695 2112 eloquentiae
717 2034 875 2103 audebunt;
898 2034 1029 2114 proxima
1050 2051 1106 2094 am·
1147 2097 1149 2101 ,

104 2118 272 2196 plectentur
292 2118 401 2194 magis,
433 2125 465 2177 ut
485 2119 561 2177 vites
584 2117 737 2179 arboribus
765 2118 921 2198 applicitae
950 2118 1106 2178 inferiores

102 2202 185 2280 prius
213 2197 459 2280 apprehendendo
487 2217 583 2260 ramos
612 2203 641 2261 in
666 2205 814 2263 cacumina
841 2202 974 2264 evadunt.
1022 2201 1106 2275 Quod
1114 2211 1148 2266 al

104 2283 179 2345 adeo
201 2301 301 2345 verum
322 2293 383 2360 est,
410 2293 441 2344 ut
461 2285 553 2362 ipsius
577 2287 663 2346 etiam
682 2289 827 2363 magistri,
855 2288 879 2346 si
904 2295 1000 2347 tamen
1019 2284 1105 2345 ambi·

104 2369 189 2428 tiosis
205 2367 287 2428 utilia
300 2367 466 2446 praeferet,
485 2366 543 2428 boc
559 2385 632 2448 opus
648 2371 701 2445 sit,
718 2387 783 2430 cnm
796 2370 890 2430 adbuc
906 2369 987 2430 rudia
1001 2377 1106 2428 tracta·

104 2451 148 2510 bit
165 2452 298 2527 ingenia,
318 2468 376 2511 non
392 2453 486 2511 statim
508 2468 631 2512 onerare
650 2453 841 2514 infirmitatem
861 2453 1031 2515 discentium
1053 2451 1106 2510 sed

104 2543 272 2612 temperare
283 2535 361 2593 vires
378 2551 445 2594 suas
461 2535 542 2594 etad
556 2535 736 2596 intellectum
751 2537 893 2598 audientis
912 2534 1103 2597 descendere.

104 2615 178 2678 Nam
193 2624 224 2676 ut
246 2615 366 2678 vascula
381 2618 440 2676 oris
456 2620 569 2693 angusti
590 2619 772 2698 superfusam
786 2620 914 2679 humoris
931 2618 1044 2694 copiam
1058 2621 1148 2677 rena

105 2708 226 2780 spuunt,
244 2701 353 2761 sensim
372 2707 467 2759 autem
487 2699 669 2762 induentibus
689 2703 740 2762 vel
762 2705 847 2763 etiam
866 2701 1011 2762 instillatis
1028 2717 1104 2760 com·

105 2784 235 2864 plentur:
252 2785 296 2845 sic
306 2785 391 2844 ammi
407 2799 563 2861 puerorum
578 2792 712 2863 quantum
728 2787 867 2865 excipere
880 2786 994 2865 possint
1005 2783 1105 2844 viden·

105 2869 171 2932 dum
194 2876 248 2928 est.
290 2865 363 2930 Nam
382 2866 492 2928 maiora
513 2867 664 2929 intellectu
692 2869 774 2930 velut
801 2887 900 2949 parum
925 2878 1045 2949 apertos
1070 2869 1105 2930 ad

104 2952 323 3032 percipiendum
337 2953 447 3012 animos
460 2967 518 3010 non
534 2951 677 3012 subibunt.
701 2952 779 3014 Utile
793 2955 881 3032 igitur
894 2953 1015 3029 babere,
1031 2968 1103 3032 quos
1113 2959 1147 3013 29

103 3037 208 3096 imitari
219 3037 339 3113 primurn
353 3051 421 3098 mox
434 3036 554 3097 vincere
568 3034 648 3097 velit.
674 3037 716 3097 lta
730 3038 867 3115 paulatim
880 3047 909 3098 et
924 3038 1104 3115 superiorum

107 3135 177 3195 spes
195 3121 258 3178 erit.
296 3118 346 3178 llis
368 3119 490 3196 adiicio‚
511 3128 721 3198 praeceptores
736 3123 817 3200 ipsos
836 3120 985 3182 nunidem
1001 3119 1103 3178 mentis

106 3218 143 3262 ac
157 3201 275 3278 spiritus
290 3204 318 3261 in
333 3202 455 3263 dicendo
470 3220 561 3281 posse
583 3205 740 3282 concipere
760 3205 882 3282 singulis
898 3211 1005 3264 tantum
1020 3217 1103 3279 prae·

8 3293 13 3302 '
106 3283 238 3344 sentibus
255 3284 331 3363 quod
346 3284 395 3346 illa
413 3285 586 3348 celebritate
601 3287 774 3348 audientium
789 3289 950 3348 instinctos.
981 3283 1103 3344 blaxima
1113 3292 1148 3346 30

107 3370 182 3430 enim
196 3385 265 3446 pars
282 3366 467 3446 eloquentiae
483 3379 597 3431 constat
611 3372 715 3431 animo.
741 3370 823 3431 llunc
837 3370 930 3444 allici,
946 3367 1021 3429 bunc
1036 3383 1104 3428 con·

107 3453 207 3532 cipere
222 3452 361 3530 imagines
377 3469 473 3512 rerum
488 3461 518 3512 et
532 3454 729 3516 nauslormari
746 3453 954 3533 quodammodo
971 3451 1007 3514 ad
1024 3461 1104 3512 natu·
