2608 3948
205 211 246 276 86
348 243 349 248 =
520 227 557 274 rs.
570 225 649 274 sno.
662 224 881 284 cumrmraur

205 383 332 460 scripsit,
354 380 480 442 oillcium
494 379 620 440 oratoris
640 398 708 440 esse
724 380 829 444 dicere
851 383 991 462 apponite
1012 382 1056 442 od
1075 399 1205 460 persua·

177 466 349 531 fidendum.
379 464 412 526 ln
425 463 582 525 rhetoricis
597 466 698 542 etiam,
715 481 789 543 quos
803 466 868 525 sine
883 465 972 527 dubio
989 468 1053 544 ipse
1067 481 1125 528 non
1140 483 1210 544 pro·

204 549 270 626 bet,
292 549 377 610 linem
397 549 468 610 lacit
485 550 687 628 peruadere.
725 547 834 610 Verum
856 559 885 610 et
907 551 1031 628 pecunia
1050 549 1211 628 persuadet

205 643 234 694 et
256 635 350 711 gratia
371 642 400 692 et
426 633 584 694 auotoritas
600 632 722 693 dicentis
739 641 768 694 et
788 632 923 711 dignitas,
947 643 1096 712 postremo
1122 650 1209 712 aspe-

206 727 268 779 ctus
292 719 379 778 etiam
401 719 466 796 ipse
489 718 553 777 sins
572 734 665 793 voce,
696 733 753 796 quo
782 716 833 777 vel
853 718 1019 779 recordatio
1042 717 1210 779 meritorum
1278 759 1281 772 .

205 804 346 879 cuiusque
360 801 409 861 vel
425 802 517 862 iacies
533 799 630 878 aliqua
643 800 817 862 miserabilis
831 801 882 862 vel
897 802 1008 864 lormae
1024 799 1209 879 pulebritudo

176 887 376 952 poententiam
394 885 492 946 dictat.
530 883 602 944 Nam
623 893 652 944 et
666 883 788 945 bladium
805 885 952 963 Aquilium
974 884 1133 946 defendens
1150 883 1209 944 An-

205 970 315 1045 tonius,
338 987 401 1029 cum
421 971 514 1030 scissa
534 977 618 1028 veste
635 971 806 1044 cicatrices,
829 987 902 1047 quas
923 971 948 1030 is
969 983 1023 1048 pro
1049 970 1142 1047 patria
1157 987 1209 1048 pe·

205 1063 288 1114 ctore
304 1051 428 1113 adverso
445 1055 642 1132 suscepisset,
665 1053 807 1128 ostendit,
829 1071 887 1112 uon
907 1054 1047 1114 orationis
1064 1052 1162 1114 babuit
1176 1053 1209 1112 li-
1280 1079 1281 1088 ¹

205 1137 317 1198 duciam
329 1137 381 1197 sed
397 1137 489 1197 oculis
504 1135 606 1216 populi
623 1135 744 1197 Romani
762 1138 819 1196 rim
840 1136 953 1213 attulit,
977 1154 1062 1218 quem
1075 1135 1127 1197 illo
1143 1137 1209 1214 ipso

205 1229 325 1300 aspectu
346 1222 469 1281 maxime
484 1230 591 1280 motum
614 1222 643 1280 iu
658 1219 731 1297 hoc,
752 1229 783 1280 ut
804 1219 975 1281 absolveret
995 1238 1092 1297 reum,
1115 1220 1208 1280 credi-

175 1314 262 1370 8tum
278 1313 332 1366 est.
363 1305 496 1366 Serrirrm
512 1305 627 1383 quidem
645 1304 763 1365 Galbam
776 1305 963 1365 miseratione
978 1303 1061 1381 sola,
1080 1321 1135 1382 qua
1151 1321 1210 1364 nou

204 1407 274 1449 suos
293 1388 380 1448 modo
396 1389 506 1448 liberos
521 1388 659 1466 parvulos
675 1391 703 1448 in
716 1390 852 1449 contione
867 1389 1047 1468 produxerat
1060 1388 1114 1448 sed
1133 1386 1209 1448 Galli

205 1476 292 1532 etiam
313 1471 434 1550 Sulpicii
458 1471 548 1532 lilium
571 1473 630 1532 suis
654 1473 719 1551 ipse
738 1473 869 1534 manibus
893 1472 1125 1548 circumtulerat,
1148 1472 1208 1533 ela·

204 1574 288 1636 psum
309 1572 392 1631 esse,
414 1573 479 1616 cum
498 1554 620 1617 aliorum
642 1559 832 1618 monumentis
854 1567 911 1618 tum
934 1554 1052 1618 Catonis
1075 1557 1209 1616 oratioue

177 1649 342 1707 otestatum
358 1649 412 1700 est.
449 1639 486 1700 Et
499 1639 633 1716 Phrynen
647 1658 705 1701 non
720 1641 876 1721 Hyperidis
891 1644 1023 1720 actione,
1046 1657 1210 1719 quanquam

205 1724 374 1800 admirabili,
391 1724 444 1784 sed
459 1733 620 1803 conspectu
635 1729 786 1806 corporis,
803 1725 880 1803 quod
895 1725 945 1785 illa
960 1725 1211 1803 speciosissimum

204 1811 313 1888 alioqui
328 1809 444 1869 diducta
459 1809 617 1869 nudaverat
634 1813 746 1886 tunica,
768 1818 867 1889 putant
889 1805 1023 1888 periculo
1043 1806 1199 1868 liberatam

204 1894 286 1968 Quae
300 1893 325 1953 si
341 1895 435 1954 omnia
448 1894 636 1971 persuadent,
652 1913 710 1954 non
726 1903 772 1954 est
786 1893 844 1969 bic,
861 1893 898 1953 de
914 1909 971 1971 quo
988 1891 1079 1953 locuti
1097 1909 1207 1967 sumus,

162 1977 324 2049 inidoneus
340 1977 414 2038 linis.
448 1976 577 2057 Ideoque
594 1978 794 2057 diligentiores
817 1987 882 2038 sunt
897 1979 952 2038 visi
965 1975 1037 2053 sibi,
1059 1976 1124 2055 qui,
1144 1993 1209 2036 cum

204 2062 241 2122 de
254 2060 402 2122 rhetorice
417 2061 493 2122 idem
507 2065 659 2139 sentirent,
676 2064 911 2123 existimaverunt
925 2078 988 2121 eam
1003 2061 1064 2121 cim
1076 2060 1210 2122 dicendo

202 2145 425 2224 persuadendi.
473 2146 567 2221 Quem
595 2147 681 2207 duem
704 2145 864 2223 Gorgias
890 2147 919 2204 in
945 2145 1067 2220 eodem,
1090 2144 1208 2222 dequo

203 2229 444 2308 supradiximus,
471 2230 564 2308 libro,
587 2230 669 2291 velut
690 2238 847 2290 conctusa
870 2229 993 2290 Socrate
1011 2228 1095 2298 iacit;
1118 2243 1207 2305 aquo

203 2329 262 2372 nou
284 2313 416 2374 dissentit
437 2314 689 2390 Theodectes,
711 2315 774 2373 sive
797 2314 889 2391 ipsius
905 2313 933 2373 id
949 2330 1023 2392 opus
1043 2320 1105 2387 est,
1128 2311 1208 2390 quod

203 2396 240 2457 de
254 2396 401 2458 rhetorice
415 2401 530 2459 nomine
550 2401 612 2459 eius
626 2397 810 2472 inscribitur,
832 2398 911 2473 sive,
934 2407 965 2457 ut
989 2397 1129 2458 oreditruu
1148 2403 1206 2470 est,

202 2481 450 2558 Aristotelis,
466 2486 566 2563 inquo
581 2490 636 2557 est,
652 2481 738 2542 linem
752 2498 821 2542 esse
841 2481 1004 2542 rhetorices
1019 2483 1135 2542 docere
1156 2479 1207 2540 lto-

161 2567 297 2628 1imt'nes
319 2567 451 2629 dicendo
470 2568 503 2627 its
523 2568 575 2642 id,
598 2568 681 2644 quod
702 2573 791 2628 octor
810 2567 891 2631 velit.
933 2565 993 2626 Sed
1012 2583 1048 2626 ne
1062 2564 1120 2625 boc
1144 2563 1205 2640 qui-

202 2648 268 2709 dem
285 2651 355 2710 satis
376 2659 421 2711 est
441 2649 696 2728 comprehensum:
718 2651 896 2729 persuadeat
916 2651 990 2711 anim
1011 2647 1133 2710 dicendo
1156 2646 1207 2706 vel

202 2732 309 2793 ducunt
323 2735 352 2793 in
368 2735 397 2794 id
413 2733 490 2812 quod
505 2733 606 2794 volunt
629 2733 677 2794 alii
692 2751 826 2814 quoque,
850 2744 881 2794 ut
895 2735 1084 2808 meretrices,
1106 2729 1206 2792 adula-

202 2824 293 2892 tores,
313 2827 511 2896 corruptores.
546 2819 587 2878 nt
602 2827 702 2881 contra
716 2836 774 2879 non
788 2819 946 2897 persuadet
960 2835 1077 2896 semper
1092 2823 1206 2880 orator:

202 2909 233 2959 ut
252 2903 365 2962 interim
384 2918 442 2961 non
465 2902 503 2962 sit
524 2904 660 2981 proprius
682 2903 729 2963 bic
750 2903 813 2964 litiis
832 2903 912 2978 eius,
934 2902 1049 2963 interim
1069 2901 1105 2959 sit
1127 2914 1207 2960 oom-

160 2995 193 3046 12
203 2988 293 3045 munis
315 3003 378 3046 curn
403 2984 465 3062 bis,
488 2987 537 3065 qui
560 2985 596 3046 ab
619 2993 737 3047 oratore
758 2987 863 3066 procul
882 2986 996 3050 absunt.
1033 2982 1123 3062 Atqui
1148 2997 1208 3042 non

201 3069 319 3130 multum
340 3069 375 3132 ab
396 3067 454 3128 boc
469 3070 525 3130 line
547 3069 631 3131 abest
644 3070 917 3150 Apollodorus,
941 3071 1042 3132 dicens
1063 3065 1208 3128 iudicialis

202 3155 340 3214 orationis
355 3153 475 3231 primum
490 3163 520 3216 et
534 3158 732 3234 superomnia
753 3172 821 3216 essa
839 3157 1037 3234 persuadere
1056 3151 1155 3214 tuditi
1176 3160 1209 3213 et

200 3237 381 3300 saumana
397 3238 464 3301 &aas
479 3241 595 3302 docere
608 3240 642 3302 io
654 3241 706 3319 id,
730 3241 813 3318 qood
825 3241 916 3310 oelitr
931 3256 996 3301 uam
1011 3248 1041 3300 et
1059 3240 1124 3317 ipse
1140 3252 1208 3296 ora-

201 3331 294 3382 torem
308 3321 441 3383 iortunae
458 3323 589 3400 subiicit,
612 3332 658 3401 ut,
677 3327 702 3384 si
716 3341 774 3385 non
787 3326 982 3403 persuaserit,
1002 3340 1108 3384 nomen
1123 3335 1209 3381 suum

159 3407 326 3466 taretinere
347 3424 404 3468 nou
426 3411 530 3488 possit.
568 3408 689 3482 Quidam
708 3419 897 3471 recesserunt
919 3407 954 3471 ab
978 3415 1101 3484 eventu,
1129 3405 1209 3464 siout

208 3488 440 3553 ¹·*stotelas
455 3494 538 3554 dicit:
561 3493 715 3556 rbctosioe
736 3501 782 3558 ert
802 3495 851 3556 oie
863 3493 1039 3558 inveniundi
1055 3490 1158 3555 omnia
1171 3489 1207 3550 t'n
