2608 3948
211 209 270 274 118
525 223 886 286 murmurmurmur

207 378 303 440 diator
317 376 437 440 clodius
458 377 585 458 ideoque
606 379 671 439 inre
691 378 862 440 interiectus
884 378 1054 440 ostenditur.
1094 379 1131 440 lit
1149 381 1205 444 lroc

208 470 264 538 εει,
283 461 360 540 quod
375 471 441 523 ante
457 465 550 524 omnia
566 465 743 524 constituere
754 464 782 522 in
796 463 889 523 animo
905 478 958 522 suo
974 462 1081 524 debeat
1095 474 1203 540 orator,

207 546 318 606 etiamsi
339 563 393 625 pro
419 564 506 608 causa
527 546 610 626 plura
631 547 759 608 dicturus
781 555 842 622 εει,
866 546 933 626 quid
954 548 1076 608 maxime
1093 547 1205 626 liquere

205 628 294 690 iudici
314 630 396 692 velit.
434 629 518 705 Quod
540 639 651 705 tanen,
672 639 702 690 ut
723 633 843 710 primum
865 629 1065 708 cogitandum,
1089 633 1128 692 ita
1148 649 1205 694 non

206 714 305 793 utique
319 715 440 793 primum
455 713 605 775 dicendum
622 716 686 774 erit.

548 865 651 920 UNDE
669 865 881 918 DUGATUR.'

164 961 199 1018 ut
290 958 349 1021 Atii
364 970 468 1022 statum
483 962 668 1024 crediderunt
680 964 799 1042 primam
814 963 888 1039 eius,
905 980 969 1024 cum
985 978 1042 1042 quo
1057 971 1205 1040 ageretur,

206 1043 451 1121 deprecationem.
487 1045 579 1120 Quam
594 1047 765 1108 seutentiam
779 1045 824 1107 his
839 1043 939 1106 verbis
955 1042 1061 1108 cicero
1077 1045 1206 1125 complc-

206 1128 305 1189 ctitur:
327 1130 360 1190 tu
375 1145 434 1209 quo
447 1131 580 1210 primum
596 1132 708 1194 insistit
724 1131 815 1210 quasi
828 1130 874 1192 ud
887 1131 1123 1210 rspuqoondcm
1137 1149 1206 1193 ooo·

202 1230 314 1290 presse
330 1213 476 1294 defensio.
508 1213 590 1277 Unde
605 1234 706 1276 rursus
721 1214 777 1276 alia
793 1216 942 1293 quaestio,
959 1232 995 1276 an
1011 1231 1076 1274 eom
1091 1232 1208 1292 semper

204 1297 230 1356 is
251 1294 354 1370 iaciat,
378 1300 426 1376 qni
446 1299 616 1377 respondet.
654 1296 707 1359 Oui
726 1300 770 1358 rei
792 1300 953 1378 praecipue
975 1306 1118 1377 repugnat
1135 1295 1206 1358 Cor·

205 1379 299 1440 nelius
326 1377 431 1441 Celsus
452 1381 569 1457 dicens,
599 1399 658 1442 non
680 1400 697 1442 a
720 1382 892 1461 depulsione
916 1381 990 1443 sumi
1018 1381 1070 1442 sed
1094 1380 1130 1443 ab
1157 1399 1205 1459 eo,

206 1464 255 1541 qui
269 1466 501 1542 propositionem
516 1483 596 1526 suam
617 1466 780 1536 confirmem
805 1475 851 1544 ut,
872 1468 897 1526 si
915 1466 1060 1528 hominem
1077 1467 1207 1527 occisum

204 1563 274 1605 reus
289 1557 392 1626 negat,
414 1557 506 1610 status
519 1549 555 1610 ab
570 1559 742 1612 accusatore
758 1550 909 1628 nascatur,
930 1551 997 1630 quia
1012 1552 1036 1610 is
1052 1549 1124 1610 velit
1139 1566 1206 1629 pro·

204 1629 291 1700 bare;
314 1632 339 1691 si
359 1634 423 1694 iure
447 1635 575 1695 occisum
594 1653 663 1694 reus
686 1635 770 1711 dicit,
791 1633 929 1696 translata
952 1634 1132 1713 probationis
1157 1651 1207 1693 ne-

164 1716 344 1776 ldceseitate
361 1717 438 1778 idem
455 1735 472 1778 a
491 1734 544 1778 reo
565 1718 629 1794 liat,
653 1727 684 1779 et
706 1720 744 1780 sit
760 1718 824 1778 eius
840 1717 973 1779 intentio.
1007 1714 1061 1778 Oui
1078 1734 1137 1778 uon
1158 1735 1206 1778 aa·

206 1797 280 1860 cedo
305 1801 452 1878 equidem
479 1820 543 1863 nam
570 1812 615 1864 est
635 1820 707 1864 vero
728 1803 849 1882 propius
871 1802 949 1882 quod
971 1801 1206 1878 contradicitur,

105 1912 106 1918 κ
205 1881 311 1944 nullam
327 1902 395 1946 esse
411 1886 507 1964 litem,
531 1888 556 1947 si
571 1888 614 1965 is,
634 1902 699 1948 curn
716 1903 773 1966 quo
793 1895 911 1965 agatur,
930 1886 1001 1948 nihil
1016 1879 1206 1965 respondeat,

162 1971 196 2023 15
204 1967 331 2046 ideoque
357 1969 419 2032 lieri
445 1979 548 2032 statum
572 1989 589 2032 a
613 1971 820 2050 respondente.
855 1969 921 2031 llea
946 1979 1041 2031 tamen
1065 1970 1207 2030 sententia

204 2053 313 2112 varium
330 2051 359 2113 id
378 2063 439 2130 est,
461 2064 490 2116 et
511 2055 615 2116 accidit
636 2071 690 2133 pro
712 2055 883 2116 condicione
905 2071 1072 2130 causarum,
1096 2056 1162 2134 quia
1178 2062 1208 2114 et

204 2132 297 2195 videri
314 2144 414 2211 potest
429 2140 593 2216 propositio
609 2138 764 2218 aliquando
786 2147 891 2199 statum
905 2138 1021 2214 facere,
1044 2147 1075 2198 nt
1089 2141 1119 2198 in
1137 2154 1208 2198 con-

203 2217 393 2279 iecturalibus
416 2222 528 2290 causisz
549 2222 637 2282 utitur
660 2223 735 2283 eninr
756 2224 924 2284 coniectura
944 2225 1037 2302 magis
1060 2223 1110 2301 qui
1130 2223 1207 2299 agit:

205 2301 280 2380 (qno
301 2304 372 2363 moti
392 2305 507 2383 quidam
529 2306 651 2368 eundem
671 2325 688 2367 a
709 2323 762 2368 reo
784 2306 943 2386 infidelem
965 2325 1033 2368 esse
1056 2305 1207 2384 dixerunt)

117 2432 119 2436 .
205 2386 285 2446 etin
306 2386 480 2466 syllogismo
504 2397 564 2451 tota
586 2391 768 2452 ratiocinatio
790 2391 826 2452 ab
849 2407 886 2451 eo
909 2399 971 2466 est,
1000 2392 1048 2470 qui
1075 2388 1207 2450 intendit.

162 2469 197 2524 16
205 2469 265 2530 Sed
280 2471 348 2550 qnia
367 2471 482 2534 videtur
502 2473 560 2534 illis
582 2490 700 2553 quoque
721 2476 927 2537 necessitatem
950 2473 1006 2536 hos
1027 2482 1118 2537 status
1137 2491 1208 2534 exe·

205 2553 311 2633 quendi
325 2554 426 2618 iacere
442 2558 491 2637 qui
506 2567 610 2635 negat,
633 2558 674 2636 (is
696 2560 810 2619 enimsi
826 2557 918 2635 dicet,
939 2578 1000 2622 oce
1020 2558 1099 2638 secl,
1119 2566 1211 2636 coget

204 2637 401 2700 adversarium
423 2642 590 2702 coniectura
613 2645 668 2712 uti;
693 2651 722 2704 et
742 2644 768 2705 si
790 2643 881 2719 dicat,
903 2661 964 2706 nors
984 2643 1082 2706 ludes
1098 2644 1209 2720 tecam,

205 2720 395 2804 syllogismo)
413 2726 606 2800 concedamus
620 2745 659 2787 ex
674 2727 847 2807 depulsione
859 2728 940 2788 nasci
955 2734 1070 2788 statum.
1095 2725 1211 2787 Nihilo·

203 2805 296 2865 minus
320 2809 394 2868 enirn
415 2827 464 2870 res
487 2827 524 2870 co
540 2819 722 2887 revertetur,
745 2820 776 2871 ut
797 2810 883 2872 modo
903 2812 928 2872 is
951 2811 999 2891 qui
1020 2811 1096 2888 agit,
1120 2807 1210 2870 modo

163 2889 229 2948 ltis
251 2906 315 2949 cum
338 2908 396 2970 quo
418 2894 526 2970 agitur,
549 2903 654 2956 statum
673 2895 770 2956 iaciat.
801 2895 845 2954 sic
867 2895 942 2956 enim
961 2895 1143 2955 accusatoris
1167 2894 1211 2952 in-

204 2974 310 3049 tentio,
326 2973 484 3039 llmnioem
498 2980 649 3042 cecidisti.
679 2980 711 3038 Si
727 2986 816 3057 neget
831 2996 917 3054 reus,
936 2978 1025 3041 iaciat
1038 2985 1143 3039 statum
1159 2978 1212 3056 qui
1259 2981 1268 2996 ·

204 3065 301 3136 negat.
351 3058 426 3134 Quid
447 3064 472 3122 si
496 3064 650 3126 confitetur
669 3062 722 3122 sed
748 3064 818 3124 iore
837 3081 859 3124 c
879 3082 914 3125 ee
935 3063 1112 3125 adulterum
1137 3061 1213 3122 dicit

203 3143 362 3205 occisum?
395 3162 500 3226 nempe
525 3146 623 3226 legem
651 3164 719 3206 esse
743 3156 853 3207 certum
879 3156 926 3206 εει
951 3164 1027 3225 quae
1049 3146 1211 3226 permittat.

203 3225 266 3285 Nisi
286 3226 395 3308 aliquid
418 3240 572 3292 accusator
592 3230 767 3308 respondet,
790 3228 868 3295 nulla
892 3230 928 3291 lis
952 3239 1006 3291 est.
1050 3227 1118 3292 Noa
1136 3229 1212 3308 put,

202 3310 311 3389 inquit,
330 3313 473 3384 adultam·
492 3331 564 3392 ergo
581 3313 716 3392 depulsio
733 3316 834 3395 incipit
851 3332 919 3375 esse
936 3317 1063 3391 actoris,
1081 3312 1132 3375 ille
1149 3322 1212 3374 sta·

203 3401 262 3454 turn
276 3394 375 3456 faciet
410 3396 452 3457 lta
470 3398 526 3458 erit
542 3397 658 3478 quidem
674 3406 765 3462 status
780 3400 924 3477 exprime
940 3398 1131 3479 depulsione,
1153 3395 1212 3458 sed

163 3483 197 3539 18
205 3494 240 3540 ea
255 3478 305 3540 liet
320 3478 356 3539 als
371 3489 545 3543 accusatore
560 3498 618 3542 non
632 3499 648 3543 a
661 3500 724 3544 reo.
748 3479 844 3558 Quid?
861 3484 939 3562 quod
953 3484 1055 3545 eadem
1071 3481 1213 3579 quaestio
