2608 3948
378 162 856 262 rnsr.onnron.nle.1V,3.4.
1063 183 1122 248 185

123 353 209 431 cidit,
226 353 440 434 interpellatio,
454 354 632 414 interuentus
648 352 785 428 alicuius,
800 352 946 412 tumultus.
979 352 1062 413 Unde
1078 351 1123 417 Gi·
1133 362 1166 421 17

10 483 11 520 3
123 438 223 498 oeroni
238 456 354 518 quoque
368 438 397 496 in
412 438 579 516 prooemio,
596 455 660 497 cum
675 437 787 497 diceret
803 452 857 515 pro
872 434 1125 516 lllilone,digredi

123 521 176 581 tuit
191 539 327 598 necesse,
342 530 373 582 ιιι
387 522 451 599 ipsa
466 520 655 598 oratiuncula,
672 538 727 598 qua
740 537 810 578 usus
827 529 882 595 est,
901 528 990 598 patet.
1024 521 1125 581 Potest

121 614 217 676 autem
232 607 319 684 paulo
336 605 452 682 longius
469 605 567 680 exire,
594 607 642 682 qui
657 611 811 682 praeparat
831 602 939 682 aliquid
955 613 1021 664 ante
1037 623 1124 682 quac·

9 711 10 720 ¹
88 693 92 698 '
121 690 247 750 stionem
269 699 297 750 et
314 691 361 768 qui
377 687 473 748 linitae
488 687 652 766 probationi
670 687 750 747 velut
763 687 1040 748 commendationem
1055 689 1124 748 adii·
1161 713 1162 718 ¹

121 775 171 832 cit.
205 771 244 835 At
260 775 308 852 qui
329 791 367 833 ex
382 771 475 833 media
492 772 633 850 erumpit,
650 773 707 830 cito
725 771 803 831 adid
821 771 919 830 redire
933 771 1033 848 debet,
1049 772 1124 832 unde

120 855 256 916 devertit.

471 1009 514 1058 DE
532 1005 777 1058 PROPOSITIONE.

138 1156 140 1162 .
206 1102 254 1162 lv.
286 1104 357 1166 Sunt
377 1107 424 1183 qui
444 1105 599 1164 narrationi
622 1103 927 1181 propositionem
954 1102 1126 1180 subiungant
1200 1125 1203 1133 ·

121 1195 255 1265 tanquam
277 1198 388 1266 partem
412 1187 555 1248 iudicialis
578 1187 732 1262 materiae,
756 1185 800 1244 cui
824 1187 951 1262 opinioni
972 1188 1124 1263 respondi-

120 1287 193 1332 mus.
235 1270 305 1331 lllihi
333 1281 427 1332 autem
453 1271 617 1350 propositio
643 1268 757 1328 uidetur
782 1270 873 1327 omnis
901 1269 1125 1329 confirmationis

119 1356 248 1430 initium,
271 1356 348 1434 quod
367 1372 425 1415 non
443 1354 529 1414 modo
544 1355 573 1413 in
588 1352 767 1413 ostendenda
785 1353 956 1430 quaestione
972 1353 1125 1431 principali

121 1437 175 1496 sed
190 1455 391 1516 nonnunquam
413 1439 498 1499 etiam
519 1439 547 1497 in
562 1436 683 1514 singulis
700 1438 875 1514 argumentis
891 1437 959 1514 poni
975 1436 1052 1496 solet
1067 1453 1125 1496 ma·
1218 1433 1229 1446 “

123 1522 257 1599 ximeque
277 1524 305 1582 in
327 1523 388 1598 his,
412 1539 486 1600 quae
510 1515 716 1601 ἐπιχειρήματα
736 1530 885 1598 vocantur.
922 1521 981 1580 Sed
999 1538 1074 1580 nunc
1088 1521 1126 1580 de

121 1605 220 1683 priore
238 1604 390 1684 loquimur.
421 1605 464 1664 Ea
480 1621 536 1664 non
551 1622 668 1683 semper
682 1607 721 1664 uti
733 1622 857 1664 necesse
874 1613 928 1663 est.
959 1602 1123 1682 Aliquando
1138 1620 1157 1672 n

121 1689 196 1747 enim
213 1690 275 1748 sine
291 1691 493 1769 propositione
512 1705 629 1767 quoque
645 1690 714 1747 satis
730 1687 910 1748 manifestum
929 1695 990 1763 est,
1015 1688 1082 1766 quid
1097 1689 1126 1748 in

122 1775 294 1850 quaestione
314 1781 464 1849 versetur,
487 1775 587 1852 utique
609 1775 633 1831 si
657 1775 781 1831 narratio
798 1771 836 1830 ibi
852 1771 936 1831 irnem
951 1769 1055 1846 habet,
1077 1769 1126 1830 ubi

122 1857 230 1914 initium
246 1859 394 1935 quaestio;
411 1857 504 1931 adeo,
521 1855 718 1933 utaliquando
736 1854 923 1931 subiungatur
938 1855 1125 1933 expositioni,

123 1956 198 2016 quae
213 1938 291 1999 solet
306 1942 334 1999 in
353 1941 528 2018 argumentis
546 1958 612 1999 esse
629 1957 736 1998 summa
752 1937 907 1998 collectio:
930 1935 1028 2014 Haec,
1047 1939 1127 1999 ocul

121 2025 261 2102 exposui,
283 2022 328 2086 itu
340 2034 429 2103 peste
449 2032 534 2100 sunt,
550 2025 688 2092 iudicem
702 2023 868 2084 insidiator
883 2030 1051 2101 superares
1070 2031 1125 2098 est,

120 2107 152 2168 vi
168 2108 250 2184 victo
264 2110 312 2168 vic
326 2109 376 2170 ecl
384 2109 489 2188 potius
508 2125 660 2188 oppresso
679 2108 791 2168 uirtute
805 2105 946 2168 audacio
960 2114 1014 2170 cst.
1048 2103 1075 2164 N
1077 2121 1126 2164 on·
1138 2117 1158 2170 3

120 2209 263 2269 nunquam
282 2209 353 2252 vero
369 2193 455 2255 valde
469 2192 547 2253 utilis
562 2203 622 2268 est,
645 2189 694 2252 ubi
709 2209 758 2251 res
775 2191 893 2251 delendi
906 2207 964 2249 uon
979 2199 1078 2269 potest
1097 2199 1125 2250 et

122 2275 158 2334 de
175 2275 230 2334 fine
247 2279 407 2356 quaeritur,
423 2285 454 2338 ut
469 2295 523 2356 pro
542 2294 595 2354 eo,
619 2278 666 2354 qui
682 2277 833 2354 pecuniam
848 2277 988 2353 privatam
1004 2275 1040 2334 de
1055 2283 1125 2333 tem-

121 2357 173 2438 plo
197 2357 325 2421 sustulit:
355 2361 521 2440 Sacrilcpc'i
541 2363 662 2440 opiter,
686 2361 725 2419 de
744 2361 909 2437 sacrileps'o
926 2358 1127 2435 cucumelli&

122 2449 153 2502 ut
169 2437 257 2502 iudex
274 2442 428 2522 intelligat,
444 2443 473 2502 id
489 2463 573 2504 unum
589 2461 657 2504 esse
673 2442 762 2502 officii
780 2443 834 2515 sui,
858 2457 1019 2518 quaerere,
1036 2458 1071 2500 an
1085 2439 1125 2516 id,

124 2527 202 2604 quod
217 2524 367 2603 obiicitur,
394 2527 579 2604 sacrilegium
595 2528 640 2586 sit.
680 2524 751 2585 ltem
771 2526 799 2583 in
818 2525 913 2583 causis
930 2523 1062 2582 obscuris
1079 2531 1157 2589 auto

88 2655 91 2659 .
123 2609 344 2689 multiplicibus;
367 2628 423 2670 nec
445 2628 561 2689 semper
576 2618 698 2691 propter
715 2609 772 2669 hoc
789 2607 899 2682 solum,
928 2615 959 2666 ut
980 2607 1017 2665 sit
1041 2624 1129 2667 causa

123 2693 264 2771 lucidior,
286 2694 338 2754 sed
354 2694 509 2774 aliquando
526 2696 626 2769 etiam,
648 2702 678 2752 ut
698 2693 789 2768 magis
804 2699 930 2750 moveat.
964 2689 1063 2751 lllovet
1079 2709 1127 2750 au·

123 2785 192 2855 tem,
210 2779 235 2837 si
244 2779 375 2856 protinus
388 2778 579 2838 subtexantur
587 2777 693 2856 aliqua,
708 2793 782 2854 quae
794 2776 916 2854 prosint.
942 2773 1009 2836 Lea
1019 2783 1129 2854 operta

122 2863 243 2941 scripto
264 2870 326 2939 cst,
348 2872 381 2925 ut
393 2863 593 2941 percprtnus,
616 2861 670 2940 poi
684 2879 804 2922 murum
819 2859 1013 2937 ascenderit,
1033 2865 1129 2921 morte

122 2946 287 3018 malletum·
303 2949 502 3026 percpre'nom
517 2954 546 3009 tc
559 2963 627 3010 esce
641 2953 758 3008 certum
773 2951 837 3012 estc
858 2945 931 3022 puin
947 2943 1129 3005 ascenderis

122 3047 260 3106 murum,
282 3049 341 3092 non
370 3031 549 3108 preteritum
570 3029 646 3108 quid
660 3036 816 3110 superest,
841 3029 901 3090 nisi
919 3036 953 3089 ut
974 3035 1004 3088 tc
1021 3026 1129 3104 porsiri

123 3113 285 3190 oporteat?
320 3111 401 3174 llaec
430 3116 504 3174 enim
530 3114 694 3194 propositio
725 3113 941 3173 confessionem
969 3109 1128 3169 adversarii

124 3195 229 3274 premit
253 3204 282 3255 et
303 3197 513 3274 quodammodo
535 3196 677 3258 iudicandi
695 3215 803 3258 moram
825 3194 916 3273 tollit,
946 3210 1002 3252 nec
1021 3192 1129 3252 indicat

124 3280 328 3358 quaestionem
343 3281 430 3342 iudici
446 3282 498 3342 sed
516 3282 640 3346 adiuvat.

208 3363 280 3424 Sunt
303 3373 398 3436 autem
419 3367 635 3445 propositiones
658 3374 688 3426 et
707 3362 855 3443 simplices
877 3369 906 3420 et
925 3357 1058 3438 duplices
1080 3357 1158 3420 velt
1293 3371 1294 3434 ι

122 3445 315 3530 multiplices,
337 3448 415 3528 quod
435 3449 538 3511 accidit
558 3468 615 3510 non
632 3466 689 3510 uno
712 3446 808 3507 rnodo.
840 3443 956 3505 Namet
970 3442 1055 3524 plura
1071 3443 1125 3502 cri·
1181 3453 1294 3672 Δ
