2608 3948
194 209 253 278 lbi
508 226 545 274 ιι.
563 225 642 273 ιιι.
660 223 881 284 ιιιιιιιιιιιι

189 384 294 444 minem
309 379 447 442 didicisse
462 381 628 458 poeniteat,
646 378 790 456 colligere
805 386 912 438 tantum
927 377 1028 440 eadem
1043 397 1079 440 ac
1094 379 1189 459 dispo·

189 483 261 528 nore
276 463 365 542 paulo
380 464 589 540 significantius
606 479 706 524 conor.
744 461 882 523 Omnibus
898 471 994 524 autern
1012 463 1191 526 satisfactum

190 549 277 625 volo,
301 565 419 610 nonme
434 545 492 608 boc
507 548 602 607 serius
624 546 824 608 demonstrare
840 545 921 623 aliis,
945 565 1030 626 quam
1044 547 1112 608 mibi
1126 549 1192 627 ipse

123 687 131 701 .
189 633 394 714 persuaserim.
443 631 609 693 Secundum
630 630 770 710 plurimos
797 639 933 692 auctores
956 631 1109 692 servabam
1132 641 1192 694 tres

189 717 347 779 rationales
363 725 470 793 status,
490 717 702 792 coniecturam,
720 715 905 796 qualitatem,
923 715 1091 792 linitionem,
1107 735 1192 778 unum

189 800 325 881 legalem.
365 799 491 872 Himibi
514 809 607 862 status
627 801 785 877 generales
802 807 894 860 erant.
929 798 1069 877 Legalem
1090 802 1119 860 in
1139 800 1191 861 bar

190 889 317 966 quinque
333 886 451 964 species
469 883 633 964 partiebar,
651 886 753 964 scripti
769 893 799 945 et
814 883 988 960 voluntatis,
1006 883 1104 962 legum
1122 901 1190 944 con-

146 972 356 1044 iitrariarum,
387 968 591 1046 collectivum,
618 967 828 1046 ambiguitatis,
858 968 1064 1030 translationis.
1109 967 1193 1030 Nunc

190 1061 321 1134 quartum
347 1071 384 1113 ex
409 1053 597 1132 generalibus
622 1053 756 1132 intelligo
777 1069 869 1132 posse
895 1055 1056 1123 removeri;
1087 1053 1194 1117 sullicit-

189 1139 264 1199 enim
279 1139 369 1216 prima
384 1138 499 1216 divisio,
516 1156 574 1219 qua
586 1137 709 1198 diximus
723 1136 798 1199 alios
813 1135 971 1199 rationales
987 1137 1061 1199 alios
1076 1137 1192 1216 legales

189 1239 273 1292 esse;
295 1223 335 1284 ita
349 1238 406 1283 non
423 1224 479 1284 erit
500 1231 592 1284 status
608 1222 662 1283 sed
684 1222 885 1300 quaestionum
899 1239 1008 1300 genus;
1032 1221 1141 1301 alioqui
1163 1231 1192 1282 et

146 1306 337 1369 derationalis
359 1316 450 1368 status
467 1315 557 1367 esset.
593 1304 641 1366 Ex
661 1307 696 1367 iis
720 1308 821 1383 etiam,
845 1323 919 1386 quos
941 1307 1089 1386 speciales
1104 1321 1192 1367 voca-

187 1392 269 1468 bam,
285 1392 398 1451 removi
413 1389 645 1458 translationem
665 1390 838 1471 frequenter
851 1389 968 1471 quidem
984 1391 1076 1469 (sicut
1091 1408 1192 1451 omnes

188 1475 237 1554 qui
259 1491 305 1534 me
328 1475 421 1535 secuti
444 1483 509 1534 sunt
530 1475 695 1535 meminisse
717 1476 855 1556 possunt)
880 1483 1003 1538 testatus
1026 1483 1057 1536 et
1077 1477 1107 1536 in
1121 1476 1193 1553 ipsis

188 1559 274 1618 etiam
289 1556 347 1618 illis
364 1557 546 1620 sermonibus
569 1577 615 1618 me
638 1558 757 1620 nolente
773 1560 900 1638 vulgatis
920 1559 977 1620 boc
997 1569 1093 1620 tamen
1114 1575 1193 1622 cour·

187 1641 311 1721 plexus,
336 1644 387 1704 rix
405 1645 434 1703 in
452 1641 512 1703 ulla
537 1645 739 1705 controversia
759 1644 957 1705 translationis
977 1652 1082 1706 statum
1101 1661 1193 1724 posse

187 1727 327 1805 reperiri,
342 1735 373 1786 ιι
389 1744 447 1788 non
462 1735 492 1787 et
507 1726 579 1788 alius
595 1729 624 1788 in
642 1729 744 1790 eadem
758 1736 840 1788 recte
856 1727 914 1788 dici
929 1727 1094 1806 videretur,
1110 1727 1192 1790 ideo·
1231 1762 1234 1766 -

147 1819 244 1890 ioque
262 1828 279 1870 a
295 1809 465 1889 quibusdam
482 1829 547 1873 eum
564 1811 724 1874 exclusum.
755 1811 860 1893 Neque
874 1813 979 1890 ignoro
996 1812 1085 1874 multa
1099 1819 1192 1874 trans·

187 1894 278 1971 ferri,
302 1912 366 1957 cum
381 1897 409 1956 in
426 1896 557 1957 omnibus
579 1896 643 1958 lere
659 1898 771 1974 causis,
795 1899 823 1956 in
846 1895 950 1976 quibus
968 1897 1112 1958 cecidisse
1128 1897 1193 1978 quis

121 2002 124 2007 ·
187 1979 311 2040 formula
328 1978 447 2056 dicitur,
469 1980 525 2041 bae
541 1983 597 2042 sint
615 1983 819 2060 quaestiones,
837 1998 873 2042 an
887 1979 972 2056 huic,
991 2000 1028 2043 an
1043 1999 1107 2042 cum
1122 1980 1193 2058 boc,
1287 2025 1288 2032 ι

188 2081 224 2124 ιι
239 2061 294 2124 ιιι
312 2062 396 2141 lege,
419 2082 454 2125 ιι
473 2064 549 2143 apud
568 2064 659 2141 bunc,
682 2082 718 2124 an
735 2064 793 2126 boc
813 2073 948 2144 tempore
970 2066 1058 2126 liceat
1078 2061 1192 2143 agere?

144 2155 179 2210 70
189 2155 218 2206 et
234 2147 258 2204 si
276 2163 332 2225 qua
348 2156 413 2206 sunt
428 2145 507 2207 talia.
542 2147 602 2210 Sed
617 2165 781 2227 personae,
798 2158 947 2229 tempora,
964 2151 1095 2212 actiones
1112 2159 1193 2211 cete·

187 2246 279 2309 raque
295 2239 418 2308 propter
439 2229 563 2309 aliquam
585 2249 701 2293 cansam
723 2233 947 2304 transiemntur;
970 2237 1009 2296 ita
1030 2251 1088 2297 non
1102 2245 1149 2295 est
1163 2236 1193 2296 in

187 2313 377 2376 translatione
393 2317 525 2394 quaestio
543 2315 640 2376 sedin
655 2334 709 2394 eo,
732 2327 854 2396 propter
870 2318 949 2398 q‘uod
963 2319 1193 2380 transferuntur:

186 2394 256 2459 Nora
283 2396 378 2461 deber
402 2400 490 2479 opod
513 2408 691 2480 praetorem
715 2409 820 2478 peiora
845 2403 1114 2481 fideicommissum
1134 2403 1194 2466 red

187 2481 274 2561 cpod
295 2484 452 2562 consoler,
478 2485 579 2548 maior
599 2486 680 2548 enim
697 2490 861 2566 practorio
876 2487 1052 2566 'cognitione
1072 2505 1194 2550 mommo

187 2574 241 2630 eri.
278 2566 449 2646 Quaeritur,
477 2587 521 2631 on
542 2570 642 2632 maior
660 2589 780 2634 commo
807 2573 868 2634 rit?
896 2571 966 2633 iacti
989 2573 1195 2633 controversia

145 2657 241 2717 ilost.
278 2649 347 2714 Non
366 2654 437 2717 licet
453 2652 509 2715 tibi
527 2672 623 2734 ogere
638 2674 772 2734 mecam,
793 2657 928 2737 cognitor
946 2658 1026 2719 enim
1043 2657 1113 2734 fieri
1131 2675 1194 2719 nort

185 2737 327 2814 potuisti.-
349 2737 505 2816 iudicatio,
528 2756 570 2800 arr
581 2741 744 2818 potuerit?
771 2738 840 2804 Non
854 2741 988 2804 debuisti
1003 2742 1195 2804 interdicere
1287 2749 1288 2752 ’

186 2820 245 2882 aad
262 2827 385 2900 paterer
411 2841 453 2884 arr
483 2830 568 2885 recte
595 2826 793 2888 interdictum
822 2826 877 2902 eii,
906 2823 1068 2903 ambigitur.
1109 2823 1195 2899 Quae

145 2906 286 2966 iaomnia
301 2906 462 2967 succedunt
477 2906 615 2986 legitimis
634 2908 862 2989 quaestionibus.
901 2907 948 2968 lin
965 2925 1024 2970 non
1045 2909 1195 2988 praescri·

187 2988 303 3068 ptiones
317 2990 420 3068 (etiam
434 2991 582 3072 inquibus
596 2996 718 3054 maxime
729 2993 844 3054 ridetur
853 2993 1006 3058 manifesta
1021 2993 1193 3072 translatio)

188 3073 306 3135 easdem
322 3091 422 3136 omnes
439 3077 557 3156 species
572 3076 698 3152 babent,
721 3094 792 3156 quas
813 3095 867 3138 eae
886 3078 988 3156 legas,
1009 3077 1113 3158 quibus
1130 3078 1194 3155 agi-

178 3163 248 3234 tur,
272 3166 303 3219 ut
319 3169 367 3221 ιιι
383 3161 550 3222 denomino
567 3169 615 3220 aut
632 3162 742 3241 scripto
765 3170 794 3221 et
809 3163 953 3224 sententia
968 3161 1017 3222 rel
1034 3163 1196 3223 ratiocina-

186 3242 266 3304 tione
284 3242 460 3322 quaeratur?
494 3243 608 3304 Deinde
623 3253 714 3306 status
732 3262 770 3306 cx
785 3248 958 3326 quaestione
974 3248 1079 3316 oritur;
1096 3255 1195 3307 trans·

187 3325 257 3386 latio
278 3328 446 3389 nonhabet
468 3329 683 3406 quaestionem,
709 3328 745 3390 de
768 3349 824 3410 qua
845 3331 994 3393 contendit
1015 3341 1115 3391 orator
1136 3329 1198 3392 scd

145 3413 179 3470 ta
187 3420 310 3489 propter
325 3427 409 3490 quam
426 3411 582 3471 contendit.
615 3412 679 3473 lloc
695 3416 839 3493 apertius,
864 3414 1014 3479 Occidisti
1029 3417 1195 3492 toracem,

191 3491 399 3565 Noraoccidir
430 3496 579 3573 quaestio,
605 3495 654 3560 Ao
675 3500 846 3563 occiderat
874 3510 983 3577 status,
1008 3501 1194 3562 coniectura.
1235 3510 1240 3518 “

1058 3595 1074 3642 ι
