2592 3940
207 215 271 278 254
515 227 551 274 u.
574 225 651 274 unu.
675 221 894 283 carnuntum

206 381 261 457 iis,
277 397 352 460 quae
367 396 472 459 passus
489 387 534 440 est
546 395 631 453 reus,
648 384 697 436 aut
715 376 766 450 iia,
782 391 857 452 quae
879 375 1065 434 cummaxime
1087 375 1208 452 patim,

208 472 257 526 aut
277 465 328 539 iis,-
349 479 423 542 quae
446 461 606 523 damnatum
623 467 750 526 maueut;
773 474 847 536 quae
870 464 901 518 et
926 458 991 536 ipsa
1012 456 1209 537 duplicantur,

208 565 273 608 cnm
290 547 428 622 dicimus,
444 563 482 607 ex
499 561 555 622 qua
569 543 610 603 illi
624 543 738 603 fortuna
757 550 787 602 at
803 542 833 600 in
853 556 938 618 quarn
957 539 1146 600 revidendum
1160 544 1208 602 ait.

165 629 303 692 tildert
317 631 347 690 iu
361 629 405 690 luis
418 636 592 690 momentum
612 634 642 686 et
663 633 743 686 aetas
758 632 789 684 et
806 641 894 684 sexus
913 632 943 684 at
956 625 1093 702 pignora;
1109 623 1209 700 liberi,
1275 643 1276 680 r

208 714 293 790 dcc,
316 720 494 792 etparentes
516 719 546 770 et
563 709 726 788 propinqui.
772 706 854 780 Quae
873 707 966 768 omnia
985 707 1104 768 tractari
1126 709 1210 768 varie

208 797 315 858 solent.
341 794 549 873 Nonnunquam
562 794 719 870 etiamipse
733 799 872 870 patronus
887 789 939 850 luas
953 799 1051 869 parter
1067 789 1163 851 subit:
1178 799 1210 850 at

209 877 314 941 Cicero
329 895 383 957 pro
398 877 515 954 lliloue,
530 875 616 938 Ome
628 873 790 937 misarum!
802 873 1034 952 steinsela'cam!
1047 871 1212 936 mecona

208 957 620 1040 mctciopctricmdiilo,
639 959 763 1038 potuisti
778 976 837 1039 per
853 957 1211 1036 ionopocoispnoaa

206 1063 266 1125 pet·
287 1045 411 1108 eosdem
423 1047 557 1106 retinere
572 1042 780 1121 scapolaro?
821 1039 1020 1118 Maximeque,
1037 1041 1080 1114 si,
1094 1047 1127 1098 ut
1141 1049 1212 1102 tunc

167 1129 330 1203 ttaccidit,
345 1143 403 1188 non
423 1128 597 1189 conveniunt
616 1127 644 1186 ei
664 1127 712 1204 qui
727 1134 879 1186 accusatur
896 1141 1010 1202 preces.
1055 1121 1130 1184 Nam
1143 1125 1210 1202 quis

209 1211 302 1272 ierret
318 1209 456 1274 llilonem
470 1227 524 1290 pro
540 1211 635 1289 capite
651 1223 704 1284 suo
720 1207 947 1286 supplicantem,
965 1207 1014 1286 qui
1034 1223 1101 1266 ase
1116 1207 1211 1266 vuum
1275 1255 1276 1276 ,

210 1293 336 1355 nobilem
363 1295 562 1368 interiectum,
588 1294 653 1371 quia
678 1291 708 1352 id
733 1291 795 1350 lieri
820 1293 1015 1368 oportuisset,
1044 1286 1210 1350 fateretur?

210 1375 291 1455 lingo
314 1385 344 1436 et
362 1376 405 1437 illi
429 1377 554 1454 captavit
573 1393 612 1434 en
632 1378 695 1453 ipsa
724 1375 900 1452 praestantia
923 1374 1007 1436 animi
1026 1372 1158 1433 favorem
1181 1380 1210 1430 et

210 1462 239 1519 in
254 1460 350 1519 locum
364 1459 544 1519 lacrimarum
562 1460 623 1518 airus
640 1460 704 1536 ipse
720 1458 871 1517 successit.

294 1540 344 1602 llis
365 1542 521 1620 praecipue
542 1540 617 1602 locis
636 1538 722 1601 utiles
744 1548 809 1599 suut
830 1538 1157 1618 prosopopoeiae,
1181 1537 1210 1596 id

212 1633 257 1684 est
268 1623 354 1685 ictae
369 1624 524 1685 alienarum
538 1640 725 1702 personarum
741 1624 903 1697 orationes,
916 1619 1018 1698 quales
1033 1621 1210 1697 litigatorem

212 1708 326 1768 decent.
361 1707 513 1768 Patrouuru
532 1707 625 1768 nudae
645 1715 750 1766 tantum
770 1723 819 1766 res
833 1711 958 1764 movent.
993 1702 1032 1764 At
1047 1721 1112 1765 cum
1126 1703 1210 1781 ipsos

170 1789 292 1867 adloqui
307 1790 455 1868 tingimus,
477 1808 515 1852 ex
536 1791 670 1869 personis
692 1805 808 1866 quoque
825 1787 948 1848 trahitur
966 1787 1098 1849 affectus.
1142 1785 1210 1847 Non

212 1874 286 1936 enim
303 1873 402 1934 audire
420 1873 508 1935 iudex
527 1874 640 1934 videtur
657 1870 751 1932 aliena
771 1871 846 1932 mala
865 1869 998 1931 dedentis
1022 1871 1077 1930 sed
1091 1887 1211 1928 sensum

211 1974 246 2018 ac
261 1973 364 2024 vocem
379 1957 494 2016 auribus
509 1959 645 2034 accipere
659 1956 843 2030 miserorum,
869 1971 990 2032 quorum
1011 1955 1097 2014 etiam
1114 1961 1210 2012 mutos
1275 1997 1276 2000 ,

211 2048 349 2118 aspectus
362 2040 494 2100 lacrimas
508 2048 621 2108 movet;
638 2047 803 2116 quaudoque
817 2045 916 2098 essent
936 2035 1168 2111 miserabiliora,
1185 2036 1211 2094 si
1275 2063 1276 2068 κ

211 2138 247 2181 ea
262 2120 392 2181 dicerent
404 2122 476 2199 ipsi,
498 2129 577 2181 tanto
599 2129 665 2181 eruut
685 2121 805 2198 quadarn
820 2121 954 2198 portione
968 2120 1005 2181 ad
1026 2118 1211 2181 alliciendum

212 2204 392 2282 potentiora,
408 2221 471 2262 cum
482 2203 562 2262 velut
576 2205 704 2282 ipsorum
716 2220 768 2263 ore
784 2203 930 2279 dicuutur,
942 2211 974 2264 ut
988 2204 1113 2263 scenicis
1127 2209 1209 2262 acto·

211 2284 289 2346 ribus
307 2285 408 2346 eadem
427 2302 486 2346 vox
508 2285 667 2364 eademque
689 2287 881 2365 pronuntiatio
901 2284 967 2363 plus
989 2286 1026 2346 ad
1048 2285 1210 2346 movendos

170 2370 330 2436 tlaiiectns
346 2368 399 2430 suh
415 2386 541 2448 persona
560 2369 647 2432 valet.
693 2369 793 2447 ltaque
816 2368 892 2429 idem
910 2365 1030 2444 cicero,
1047 2385 1210 2446 quanquam

210 2469 316 2531 preces
329 2469 386 2512 uon
402 2452 450 2513 dat
464 2451 578 2528 Miloni,
596 2471 719 2532 eumque
734 2454 830 2531 potius
845 2451 929 2510 animi
942 2454 1118 2528 praestantia
1129 2467 1208 2510 com·
1275 2463 1276 2528 ᾗ

210 2533 341 2610 insudat,
358 2536 588 2596 accommodavit
603 2545 698 2596 tanuen
720 2537 747 2594 ei
767 2533 875 2610 verba,
897 2535 1104 2594 convenientes
1122 2534 1210 2593 etiam
1275 2535 1276 2610 i

209 2618 278 2680 lorti
304 2618 367 2678 viro
395 2621 634 2697 conquestiones:
665 2615 813 2695 Frustra,
844 2618 958 2694 inquit,
990 2620 1050 2678 mci
1073 2617 1211 2694 mccccptt'
1275 2627 1276 2684 l

210 2704 341 2764 micres.
387 2700 503 2781 Oapca
517 2701 667 2780 fallaces!
714 2699 1089 2780 Oeoqitctioocaiocacs
1103 2700 1210 2764 macc!

293 2782 442 2863 Nunquam
464 2792 558 2846 tamen
573 2783 661 2845 debet
683 2801 749 2844 esse
776 2784 864 2860 longa
884 2784 1048 2860 miseratio,
1070 2800 1126 2844 nec
1145 2784 1208 2841 sine

210 2883 297 2925 causa
312 2864 417 2926 dictum
432 2877 493 2944 est,
507 2869 582 2929 ciiii
600 2867 727 2946 [acilius
741 2881 832 2946 qoam
851 2867 999 2928 neumas
1018 2868 1206 2928 increscere.

167 2947 281 3013 tiiNam
304 2965 368 3008 cum
390 2951 475 3008 etiam
498 2966 586 3011 veros
606 2949 726 3011 dolores
745 2950 857 3026 mitiget
884 2957 1015 3026 tempus:
1040 2952 1123 3010 citius
1140 2965 1207 3009 eva·

88 3083 98 3092 ..
170 3071 173 3083 r
209 3041 310 3093 nescat
323 3048 448 3092 necesse
470 3032 592 3109 estilla,
613 3050 697 3110 quarn
712 3032 833 3093 diceudo
850 3031 1028 3108 eilinximus,
1043 3034 1153 3110 imago;
1180 3033 1209 3089 in
1275 3033 1276 3060 ³

210 3133 266 3194 qua
282 3116 307 3174 si
327 3131 487 3176 moramur:
511 3115 635 3176 lacrimis
656 3115 793 3192 fatigatur
811 3114 924 3175 auditor
946 3123 976 3177 et
994 3117 1155 3194 requiescit
1180 3121 1209 3173 et

166 3198 246 3263 malr
262 3197 331 3273 illo,
348 3215 434 3277 quem
449 3207 583 3278 ceperat,
605 3200 713 3276 impetu
734 3197 770 3258 ad
791 3199 933 3258 rationem
946 3197 1030 3258 redit.
1075 3197 1142 3258 Non
1158 3213 1208 3275 pa·
1275 3215 1276 3244 u

208 3284 311 3344 tiamur
326 3283 413 3358 igitur
427 3282 590 3360 frigescere
605 3280 662 3341 hoc
677 3298 769 3358 opus,
790 3289 818 3340 et
833 3281 984 3357 allectum,
1002 3298 1067 3340 cum
1082 3280 1118 3341 ad
1134 3297 1207 3340 sum-

207 3382 283 3425 mum
309 3365 544 3443 perduxerimus,
569 3362 779 3442 relinquamus,
807 3381 863 3424 nec
891 3381 1041 3443 speremus
1066 3365 1148 3440 ione,
1177 3371 1209 3420 ut

208 3447 303 3509 aliena
318 3449 467 3526 quisquam
489 3449 535 3510 diu
551 3445 658 3526 ploret.
702 3444 832 3526 Ideoque
854 3465 918 3508 cunr
939 3449 967 3507 iu
990 3447 1055 3508 aliis
1073 3455 1133 3508 tum
1149 3462 1208 3504 ma·
