2570 3946
189 205 230 266 42
503 217 538 263 u.
553 213 867 274 FAB.QUINT11.1AN1
944 288 949 296 ι

144 372 303 450 &ingenia
326 369 439 432 concidi
462 378 491 429 et
513 370 666 429 comminui
689 368 788 430 credo.
821 369 880 430 Sed
902 368 970 429 nibil
993 385 1031 428 ex
1050 386 1200 446 gramma-

188 459 245 516 tica
267 457 416 531 nocnerit,
439 454 494 512 nisi
513 451 594 530 quod
618 469 830 531 supervacuum
852 463 907 513 est.
946 453 992 512 An
1013 452 1081 513 idco
1099 455 1200 512 minor

189 548 234 599 est
251 537 288 598 ll.
310 537 420 599 Tullius
440 545 555 612 orator,
579 536 656 615 quod
674 537 750 596 idem
767 537 836 596 artis
855 537 938 598 huius
955 535 1198 616 diligentissimus

188 624 242 684 luit
263 631 293 682 et
314 624 342 682 in
364 621 423 681 lilio
447 621 493 698 (ut
516 618 649 698 epistolis
673 623 810 700 apparet)
837 630 920 682 recte
943 620 1082 699 loquendi
1104 638 1198 700 asper

189 724 307 787 quoque
335 700 477 765 exactor?
515 712 564 764 aut
590 707 646 764 vim
670 700 703 764 C.
728 701 863 765 Caesaris
886 705 1037 782 inegerunt
1064 704 1134 765 editi
1157 705 1197 765 de

143 791 321 868 btaualogia
343 786 430 851 libri?
453 797 501 848 aut
520 787 587 848 ideo
609 789 701 848 minus
723 787 849 848 Messala
871 789 992 864 nitidus,
1015 789 1082 866 quia
1104 806 1196 868 quos-

188 877 252 936 dam
273 883 351 934 totos
374 872 492 933 libellos
518 889 576 933 non
595 871 692 932 verbis
714 871 800 932 modo
822 873 944 950 siugulis
966 872 1125 933 sedetiam
1147 873 1196 932 lit-

189 961 259 1018 teris
283 954 381 1017 dedit?
414 956 479 1016 Non
497 955 614 1017 obstant
630 956 686 1017 hae
707 956 879 1035 disciplinae
901 974 956 1036 per
974 955 1041 1016 illas
1059 956 1197 1017 euntibus
1267 977 1268 980 ¹

188 1041 242 1101 sed
263 1043 340 1101 circa
363 1040 429 1101 illas
450 1039 647 1100 haerentibus.

273 1208 350 1268 vill.
397 1209 539 1287 Superest
567 1208 698 1284 lectio,
728 1210 757 1268 iu
785 1225 840 1286 qua
870 1227 943 1286 puer
967 1219 998 1268 ut
1026 1209 1116 1284 sciat,
1145 1207 1196 1266 ubi

189 1293 370 1373 suspendere
391 1294 522 1371 spiritum
544 1291 666 1368 debeat,
690 1310 747 1372 quo
773 1292 840 1353 loco
862 1310 978 1353 versum
1001 1293 1195 1368 distinguere,

189 1377 237 1438 ubi
258 1375 407 1438 claudatur
428 1393 549 1450 sensus,
572 1376 648 1434 unde
668 1378 802 1454 incipiat,
826 1377 940 1456 quando
964 1375 1123 1436 attollenda
1145 1375 1196 1434 vel

190 1459 390 1521 summittenda
406 1461 443 1524 eit
459 1475 534 1535 vox,
558 1459 640 1537 quid,
664 1477 780 1538 quoque
799 1460 876 1520 flexu
898 1459 983 1539 quid,
1007 1459 1123 1535 lentius,
1145 1477 1195 1520 oe·

191 1545 298 1620 larius,
329 1545 518 1618 concitatius,
547 1542 640 1603 lenlus
668 1542 835 1606 dicendum:
864 1545 1055 1606 demonstrari
1082 1544 1138 1602 nisi
1165 1544 1196 1601 in

160 1645 283 1708 nopere
301 1630 365 1706 ipso
384 1644 441 1687 non
458 1636 566 1705 potest.
599 1627 691 1687 Unum
707 1637 753 1688 est
769 1631 873 1706 igitur,
894 1628 971 1706 quod
990 1630 1018 1688 in
1038 1627 1093 1687 bac
1110 1635 1195 1705 parte

190 1713 382 1792 praecipiam:
418 1711 455 1771 Ut
483 1713 576 1771 omnia
603 1713 657 1771 ista
686 1711 786 1772 lacere
815 1713 926 1791 possit,
953 1712 1108 1788 intelligat.
1151 1711 1197 1771 sn

190 1803 285 1857 autern
308 1797 450 1875 inprimis
472 1795 561 1855 lectio
581 1796 672 1854 virilis
691 1805 720 1856 et
738 1815 802 1856 cum
820 1798 961 1857 suavitate
983 1795 1105 1875 quadarn
1126 1811 1192 1872 gra·

190 1882 251 1956 vis,
276 1889 304 1940 et
320 1896 376 1941 non
392 1881 506 1959 quidem
524 1897 631 1958 prosae
649 1881 767 1956 similis,
792 1883 858 1959 quia
874 1890 903 1940 et
920 1898 1035 1941 carmen
1050 1888 1096 1939 est
1113 1888 1143 1939 et
1160 1897 1195 1938 se.

190 1974 298 2045 poetae
327 1982 433 2025 cauere
456 1973 610 2032 testantur;
641 1973 816 2025 nontamen
838 1967 866 2024 in
890 1967 1030 2024 cauticum
1051 1962 1194 2023 dissoluta

190 2067 246 2109 nec
268 2048 410 2127 plasmate
432 2049 479 2125 (ut
501 2067 575 2108 nuno
595 2067 612 2108 a
634 2048 784 2128 plerisque
805 2049 851 2128 lit)
875 2049 1052 2115 effeminata;
1077 2047 1193 2124 dequo

191 2149 301 2209 genere
320 2134 427 2212 optimo
448 2128 481 2191 (l.
501 2130 657 2192 Gaesarem
680 2141 891 2209 praetextatum
912 2132 1005 2193 adhuc
1027 2132 1194 2210 accepimus

161 2216 315 2279 edixisse:
346 2214 383 2276 st
403 2223 527 2292 cantos,
549 2217 629 2276 male
651 2225 781 2285 cantas,-
809 2218 950 2296 ellepis,
974 2225 1091 2277 cantas.
1130 2213 1193 2274 Nec

192 2300 444 2378 prosopopoeiam,
473 2307 503 2357 ut
526 2298 695 2377 quibusdam
719 2299 832 2377 placet,
862 2302 896 2361 ad
920 2302 1060 2361 cornicum
1082 2315 1193 2357 morem

192 2384 369 2462 pronuntiari
385 2382 490 2450 velim;
510 2400 579 2443 esse
597 2391 691 2442 tamen
712 2382 818 2444 flexum
836 2386 993 2462 quendam,
1017 2400 1075 2461 quo
1095 2383 1193 2442 distin·

164 2474 314 2546 aguantur
334 2466 369 2528 ab
393 2468 443 2542 iis,
466 2469 494 2526 in
511 2466 614 2545 quibus
630 2476 717 2545 poeta
734 2484 860 2545 persona
880 2487 931 2527 sua
947 2476 1052 2527 utetur.
1087 2464 1194 2526 Getera

192 2552 386 2612 admonitione
413 2569 515 2629 magua
548 2560 651 2627 egent,
681 2552 709 2610 in
738 2553 852 2630 primis,
882 2561 911 2611 ut
939 2561 1059 2611 tenerae
1081 2557 1193 2610 mentes

192 2645 396 2715 tracturaeque
413 2635 514 2711 altius,
539 2634 675 2714 quidquid
697 2635 815 2695 rudibus
832 2644 862 2695 et
881 2637 1004 2695 omnium
1025 2636 1132 2712 ignaris
1152 2635 1192 2692 in·

193 2719 319 2791 sederit,
341 2736 399 2779 non
415 2719 501 2780 modo
517 2737 591 2798 quae
608 2719 715 2781 diserta
736 2719 853 2780 sedvel
871 2722 963 2796 magis
981 2735 1056 2796 quac
1071 2717 1192 2778 honesta

193 2812 273 2876 sunt,
297 2805 417 2864 discant.

166 2903 186 2953 5
277 2884 407 2964 ldeoque
434 2889 540 2964 optime
567 2889 724 2946 institutum
748 2896 810 2962 est,
838 2895 868 2946 ut
896 2886 931 2946 ab
954 2886 1081 2946 llomero
1107 2893 1193 2962 atque

193 2970 326 3047 Vergilio
345 2970 434 3030 lectio
449 2971 608 3047 inciperet,
632 2987 792 3048 quanquam
809 2970 845 3030 ad
867 2970 1071 3048 intelligendas
1094 2985 1192 3028 eorum

193 3056 315 3115 virtutes
344 3055 469 3114 firmiore
492 3053 597 3116 iudicio
626 3070 700 3131 opus
724 3062 783 3122 est;
813 3054 867 3115 sed
892 3055 961 3116 huic
985 3055 1029 3114 rei
1057 3061 1193 3132 superest

192 3148 324 3217 tempus,
347 3155 443 3216 neque
461 3139 534 3196 eninr
551 3137 643 3198 semel
661 3136 803 3216 legentur.
838 3138 955 3200 luterim
973 3148 1002 3198 et
1019 3136 1191 3197 sublimitate

194 3221 306 3282 heroici
330 3223 462 3284 carminis
485 3222 592 3280 animus
620 3232 754 3300 assurgat
775 3232 805 3282 et
827 3241 865 3282 ex
885 3221 1079 3300 magnitudine
1099 3238 1193 3281 rerum

168 3309 324 3383 tispiritum
341 3306 427 3367 ducat
444 3315 472 3365 et
492 3307 605 3382 optimis
621 3306 770 3366 imbuatur.
804 3306 897 3366 Utiles
915 3305 1101 3384 tragoediae,
1116 3304 1194 3364 alunt

195 3399 225 3448 et
242 3389 339 3464 lyrici;
363 3392 387 3449 si
406 3391 542 3449 tamenin
559 3389 603 3449 his
621 3406 678 3449 non
695 3399 830 3450 auctores
849 3391 934 3452 modo
956 3390 1008 3449 sed
1028 3391 1113 3448 etiarn
1130 3405 1192 3465 par·

194 3481 240 3531 tes
262 3476 360 3553 operis
383 3473 528 3552 elegeris,
551 3489 615 3534 narn
635 3483 664 3533 et
683 3473 786 3533 Graeci
809 3474 931 3535 licenter
946 3473 1035 3534 multa
1057 3481 1086 3531 et
1104 3471 1192 3531 blora·
