2592 3940
198 171 262 236 20⁰
518 179 885 241 u.uan.ourur1nmn1
1276 207 1277 282 ,

199 357 239 404 ex
253 335 416 416 responsis,
432 333 570 412 oraculis,
592 335 748 398 ominibus:
766 334 912 414 duplicem
927 335 1002 398 solat
1015 352 1084 398 esse
1100 353 1210 400 aornna

199 430 366 496 tractatum,
388 419 557 498 generalem
576 418 715 495 alterum,
739 420 768 479 in
786 435 844 497 quo
859 420 933 480 inter
948 418 1067 480 Stoieos
1085 429 1115 480 et
1131 419 1209 500 Epi·

199 506 261 568 ouri
275 512 385 566 neotum
406 510 525 564 secutos
546 520 643 581 pugna
664 511 890 581 perpetuasse,
912 510 1081 581 requiam
1094 507 1209 583 provi-

198 591 305 653 dentio
320 587 470 657 mundatur
485 585 646 664 specialem
663 586 785 649 alterum
801 585 878 646 cirea
891 594 991 665 partes
1005 584 1206 665 divinationis,

155 683 228 740 aaut
248 688 384 751 quaeque
403 671 432 728 in
453 670 653 748 quaestionem
676 668 761 731 eadit.
802 667 898 730 Aliter
920 669 995 730 euim
1016 670 1207 733 oraculorum

198 757 284 819 aliter
303 755 482 833 aruspieum,
512 769 665 830 augurum,
694 754 909 828 coniectorum,
936 751 1205 816 mathematioorunn

199 839 271 902 fides
293 838 455 900 nonlirmari
476 844 525 896 aut
550 836 649 897 refelli
670 844 785 915 potest,
815 853 880 896 oum
898 838 936 896 sit
956 853 1052 898 rerum
1073 838 1205 917 ipsarum

198 925 272 986 ratio
296 921 421 982 diversa.
459 917 545 982 Giroa
568 920 709 980 eiusmodi
725 936 843 999 qnoque
857 921 1044 980 instrumenta
1063 921 1204 982 iirmanda

197 1005 247 1066 rel
270 1003 444 1067 destruenda
471 1003 589 1064 multum
614 1002 702 1066 habet
724 1004 823 1081 operis
851 1004 963 1078 oratio,
990 1004 1016 1062 si
1042 1021 1119 1082 quae
1145 1005 1204 1064 sint

197 1106 291 1150 voees
307 1107 361 1167 per
375 1089 481 1163 vinum,
497 1103 637 1162 somnum,
660 1087 830 1148 dementiam
853 1088 987 1163 emissae,
1010 1087 1059 1149 vel
1075 1096 1204 1166 exeepta

198 1172 384 1253 parvulorum
413 1171 534 1247 indicia,
564 1187 638 1249 quos
661 1188 729 1249 pars
748 1169 840 1231 altera
861 1168 930 1230 nilril
950 1169 1078 1248 lingere,
1107 1171 1203 1232 altera

155 1256 268 1333 aquilii
289 1257 418 1320 iudieare
439 1252 551 1316 dietura
571 1263 625 1314 est.
663 1253 726 1315 Neo
740 1263 849 1315 tanturn
863 1255 1007 1331 praestari
1028 1253 1086 1315 lroo
1104 1273 1203 1332 genus

198 1349 345 1421 potenter,
368 1340 421 1400 s'ed
443 1339 540 1413 etiam,
561 1337 609 1397 uhi
630 1353 688 1397 non
710 1346 773 1414 est,
796 1336 956 1400 desiderari
970 1336 1065 1398 solet:
1086 1337 1202 1398 Peon·

198 1427 289 1484 niarn
309 1422 465 1490 dedisti;
488 1421 570 1499 quis
593 1413 821 1482 numeravit?
842 1416 1053 1481 ultilunde?
1075 1421 1202 1482 Vens·

198 1525 276 1567 num
302 1506 440 1583 arguis:
472 1503 531 1563 uiri
552 1501 687 1565 emila
709 1501 800 1584 quoi
826 1501 976 1583 quanti?
1003 1522 1069 1584 per
1097 1521 1203 1585 quem

198 1585 401 1668 dedilquo
430 1584 610 1648 oonsoio?
660 1588 834 1661 Quaeiere
865 1585 1202 1667 omniaprocluentio
1280 1611 1281 1640 τ

198 1670 305 1734 Cicero
326 1671 491 1734 incrimine
513 1671 649 1732 venelioii
670 1673 790 1732 anoutit.
824 1671 905 1735 Haeo
919 1671 955 1732 de
972 1671 1202 1749 inartificialibus

198 1775 284 1836 quana
303 1756 475 1818 brevissime
498 1755 588 1834 potui.

449 1909 492 1958 DE
515 1905 722 1960 PROBATIONE
739 1907 947 1961 nummolum.

281 2003 358 2066 viil.
384 2004 454 2066 Pars
474 2005 566 2066 altera
587 2004 800 2083 probationum,
824 2022 899 2082 quae
921 2012 967 2065 est
987 2010 1048 2064 totu
1066 2004 1101 2062 in
1119 2011 1200 2062 arte
1281 2073 1282 2090 χ

199 2097 370 2166 constatque
390 2086 479 2147 rebus
500 2087 536 2148 ad
558 2088 718 2148 laedendam
740 2087 825 2150 iidem
844 2088 1003 2166 appositis,
1025 2085 1199 2165 plerumque
1281 2109 1282 2114 ¹

198 2180 247 2232 aut
273 2171 388 2230 omnino
411 2171 571 2247 negligitur
596 2180 643 2232 aut
665 2171 812 2232 levissime
835 2172 983 2248 attingitur
1002 2169 1038 2230 ab
1060 2169 1120 2244 his,
1149 2172 1199 2248 qui

198 2262 367 2332 argumenta
386 2252 467 2313 velut
487 2253 605 2314 horrida
624 2263 654 2313 et
683 2254 858 2333 confragosa
879 2255 1003 2315 vitantes
1026 2254 1198 2314 amoeniori-

197 2337 253 2398 bus
272 2336 348 2398 loeis
370 2337 520 2413 desident,
546 2355 643 2417 neque
671 2338 756 2400 aliter
778 2339 915 2416 quanli,
940 2338 1158 2416 quitraduntur
1180 2355 1197 2398 a

197 2422 294 2500 poetis
315 2429 402 2499 gustu
429 2421 575 2482 cuiusdam
600 2421 676 2500 apud
694 2420 882 2500 Lotophagos
908 2421 1045 2499 graminis
1068 2427 1097 2482 et
1118 2419 1197 2480 Sire-

197 2523 264 2566 num
285 2513 369 2566 oantu
384 2504 502 2566 deleniti
519 2504 699 2584 voluptatem
713 2504 799 2567 saluti
814 2504 1000 2584 praetulisse,
1023 2504 1089 2566 dun
1104 2502 1197 2564 laudis

197 2589 300 2652 falsum
320 2589 474 2667 imaginem
495 2598 719 2667 persequuntur,
741 2592 816 2667 ipsa,
838 2597 1059 2667 propterquam
1081 2587 1195 2662 dieitur,

168 2674 321 2744 sudatoria
343 2673 457 2734 oeduni.
493 2672 582 2751 Atqui
601 2681 711 2748 cetera,
731 2691 806 2751 quae
828 2673 964 2732 oontiuuo
981 2671 1073 2748 magis
1089 2670 1195 2731 oratio·

197 2757 241 2816 nis
264 2764 357 2816 tractu
380 2757 552 2833 decurrunt,
578 2757 606 2816 in
626 2756 762 2818 auxilium
783 2765 870 2835 atque
893 2763 1090 2816 ornamentum
1110 2770 1194 2829 argu·

196 2847 356 2898 mentorum
379 2849 590 2918 comparantur,
614 2840 770 2919 nervisque
792 2839 867 2916 illis,
890 2837 993 2918 quibus
1016 2855 1104 2898 eausa
1127 2853 1194 2896 oon·

196 2922 313 2996 timetur,
330 2921 465 2982 adiiciunt
480 2922 587 2983 induoti
601 2941 691 3001 super
710 2925 844 3000 eorporis
859 2923 1006 3002 speeiem:
1022 2931 1064 2996 ut,
1082 2922 1107 2980 si
1118 2920 1195 2980 forte

197 3005 265 3082 quid
287 3004 393 3065 laetum
406 3007 449 3065 ira
464 3004 512 3064 vel
529 3013 605 3067 metu
620 3006 669 3066 vel
685 3007 841 3086 eupiditate
859 3006 983 3080 dinatur,
1004 3005 1100 3079 latius,
1120 3021 1194 3082 quae

197 3090 338 3168 euiusque
353 3088 475 3150 alieotus
487 3096 586 3150 natura
598 3091 646 3166 sit,
663 3107 882 3168 prosequamur.
915 3089 1021 3150 lisdem
1035 3087 1193 3162 laudamus,

195 3172 374 3250 incusamus,
402 3190 558 3251 augemus,
586 3175 752 3248 minuimus,
776 3172 979 3248 describimus,
1002 3173 1192 3245 deterremus,

167 3258 354 3334 squerimur,
375 3258 569 3333 consolamur,
592 3257 748 3316 hortemur.
782 3255 841 3317 Sed
859 3256 961 3316 lorum
976 3273 1043 3316 esse
1061 3271 1152 3335 opera
1166 3255 1194 3316 iu

195 3338 285 3402 rebus
306 3350 355 3401 aut
377 3343 482 3418 certis,
510 3349 559 3403 aut
584 3339 621 3400 de
649 3338 753 3417 quibus
777 3349 909 3418 tanquam
932 3339 1020 3400 nentis
1041 3338 1193 3416 loquimur,

194 3431 303 3502 potest.
338 3423 401 3486 ileo
421 3424 568 3486 abnuerim
588 3439 656 3482 esse
672 3422 779 3503 aliquid
801 3426 829 3484 in
847 3423 1054 3498 delectatione,
1076 3419 1194 3482 muitum
