2608 3948
185 207 244 268 122
506 219 542 270 ιι.
555 220 633 268 nan.
647 218 868 280 cornutorum

181 394 240 457 qno
255 371 391 437 modo?
382 393 410 436 ιιι
422 374 511 435 rebus
528 375 739 448 coniecturam,
758 373 835 452 quod
852 395 907 434 ιιι
905 363 1069 475 ’ulqeqato
1085 383 1182 452 vocat,
1195 437 1196 440 ,

182 471 211 522 et
226 460 408 538 qualitatem,
433 467 461 520 et
477 459 652 534 linitionem,
677 459 722 518 cni
737 473 842 516 nonren
857 457 905 518 dat
920 477 975 518 ιιι
974 444 1133 534 ’iocosam
1154 467 1183 518 et

181 545 217 606 ad
236 544 354 622 aliquid.
391 541 475 605 Unde
496 551 527 603 et
547 542 598 602 illa
619 501 723 602 divisio
748 549 809 616 est,
834 540 890 602 alla
912 559 980 601 esse
1001 540 1183 619 scripturalia

138 630 329 707 illinscripta.
353 623 475 687 -Oelsus
492 622 646 687 Cornelius
669 625 742 686 duos
762 633 792 685 et
812 625 876 704 ipse
898 625 969 687 lecit
986 633 1078 685 status
1093 642 1181 701 gene·

180 712 277 787 rales,
305 729 341 771 an
365 707 424 769 sit?
453 711 539 789 quale
566 705 623 770 sitl
650 708 743 769 Priori
769 708 893 770 subiecit
915 709 1089 786 finitionem,
1117 711 1181 788 quia

180 813 274 875 aeque
296 803 467 873 quaeratur,
491 811 527 854 an
548 795 585 854 sit
607 793 785 872 sacrilegus,
809 795 858 872 qui
881 793 951 856 nihil
972 811 1006 854 se
1028 793 1182 854 sustulisse

180 881 216 942 sle
234 878 343 958 templo
365 877 450 954 dicit,
476 879 570 957 etqui
590 879 730 957 privatam
749 879 902 957 pecuniam
917 877 1074 939 coniitetur
1087 886 1182 940 sustu·

179 962 261 1024 iisse.
300 960 474 1036 Qualitatem
494 963 523 1022 in
538 980 600 1022 rem
618 970 647 1022 et
664 963 803 1040 seriptum
818 961 930 1022 dividit.
967 961 1083 1040 Scripto
1102 971 1182 1041 quat·

178 1056 245 1106 tuor
271 1055 371 1124 partes
393 1045 526 1124 legales,
555 1046 676 1109 exclusa
700 1045 906 1115 translatione;
940 1047 1128 1124 quantitatem
1154 1055 1183 1105 et

135 1131 282 1202 sementis
304 1132 504 1209 quaestionem
525 1132 712 1192 coniecturae
735 1129 869 1190 subiecit.
906 1128 960 1190 Est
976 1129 1134 1190 etiamalio
1154 1130 1177 1190 ir

178 1217 255 1290 tuos
274 1213 420 1275 diuidendi
443 1223 534 1276 status
555 1216 647 1291 ratio,
671 1217 745 1293 quae
769 1213 873 1290 docet,
896 1221 944 1274 ant
965 1212 1002 1274 ue
1023 1212 1181 1274 substantia

179 1300 410 1362 controversiam
422 1315 501 1376 esse,
519 1307 567 1361 ant
580 1298 616 1360 de
632 1297 785 1377 qualitate;
803 1299 896 1377 ipsam
911 1314 1000 1376 porro
1017 1297 1183 1376 qualitatem

135 1395 226 1453 soant
246 1387 275 1444 in
296 1399 406 1444 summo
428 1399 540 1459 genere
562 1383 725 1443 consistere
747 1382 842 1442 autin
864 1379 1100 1442 succedentibus.
1136 1380 1183 1441 lle
1277 1440 1281 1450 ,

178 1467 337 1528 substantia
361 1474 408 1526 est
428 1467 605 1527 coniectura.
645 1465 787 1541 Quaestio
813 1467 888 1526 euim
909 1473 1049 1526 tractatur
1070 1466 1128 1540 rei,
1147 1483 1183 1526 an

177 1552 254 1612 iacta
277 1547 335 1610 sitl
363 1567 399 1612 an
420 1547 489 1610 liatl
518 1567 553 1610 an
579 1550 673 1610 lutura
700 1546 758 1609 sitl
785 1549 927 1610 interdurn
954 1551 1040 1610 etiarn
1061 1550 1181 1618 mentis;

177 1634 265 1713 idque
290 1633 411 1712 melius,
441 1651 525 1712 quam
547 1634 625 1714 quod
647 1635 682 1694 iis
705 1633 832 1711 placuit,
856 1635 906 1713 qni
931 1641 1036 1695 statum
1060 1633 1182 1694 eundern

177 1719 246 1779 iacti
262 1720 498 1796 nominaverunt,
520 1728 654 1796 tanquam
673 1717 710 1778 de
724 1718 884 1796 praeterito
902 1725 1010 1779 tantum
1031 1726 1060 1778 et
1075 1725 1182 1778 tantuna

135 1801 313 1868 alterneto
336 1812 535 1881 quaereretur.
573 1801 643 1862 Pars
662 1801 825 1880 qualitatis,
851 1818 927 1880 quae
947 1810 993 1862 est
1013 1801 1050 1863 de
1072 1817 1182 1863 summo

177 1904 298 1965 genere,
317 1904 384 1948 raro
400 1889 429 1948 in
443 1886 578 1948 iudicium
589 1887 678 1961 venit,
697 1884 783 1964 quale
799 1894 856 1962 est,
873 1885 947 1947 idne
961 1887 1001 1948 sit
1014 1887 1182 1962 honestum,

178 1973 261 2049 quod
282 1972 371 2050 culpo
392 1972 562 2040 laudatore
589 1970 806 2032 succedentium
829 1978 926 2030 autem
947 1969 1022 2030 aliae
1045 1969 1082 2031 de
1104 1985 1181 2031 corn·

176 2056 252 2116 muni
269 2054 483 2134 appellatione,
506 2063 537 2115 ut
557 2056 637 2116 sitne
657 2055 845 2132 sacrilepua,
868 2054 921 2132 qui
935 2055 1102 2134 pecaniam
1115 2055 1182 2132 pri·

175 2147 280 2200 vatum
302 2156 342 2200 ec
364 2140 473 2217 templo
491 2139 618 2218 ficoclae
639 2139 708 2199 eat?
733 2145 781 2199 aut
801 2138 838 2199 de
859 2156 893 2198 re
913 2137 1111 2213 denominata,
1133 2135 1182 2197 ulti

178 2220 328 2281 etinctum
344 2237 412 2282 esse
430 2230 539 2282 certum
555 2231 671 2282 estnec
691 2220 851 2298 dubitatur,
877 2221 944 2302 quid
964 2223 1018 2300 sit,
1042 2221 1120 2301 quod
1139 2221 1181 2282 ia·

179 2312 254 2364 ctum
271 2313 325 2364 est.
362 2302 414 2365 itui
432 2304 583 2366 subiacent
599 2322 699 2366 omnes
716 2307 752 2367 de
767 2306 915 2382 honestis,
939 2306 1038 2382 iustis,
1062 2305 1182 2367 utilibus

135 2401 170 2457 ιι
179 2389 376 2466 quaestiones.
415 2389 466 2451 llis
483 2391 569 2451 etiam
585 2392 676 2451 ceteri
691 2399 783 2452 status
799 2391 941 2452 contineri
956 2390 1098 2466 dicuntur,
1115 2391 1182 2468 quia
1289 2389 1290 2464 ζ

178 2480 208 2532 et
223 2474 366 2551 quantitas
382 2473 469 2534 morlo
487 2474 523 2535 ad
537 2476 734 2536 coniecturam
749 2474 908 2551 referatur,
931 2483 962 2533 ut
976 2471 1117 2537 Materne
1136 2474 1182 2536 ccl

178 2572 269 2636 quam
284 2560 392 2619 terro?
410 2557 547 2619 modoad
562 2558 738 2638 qualitatem,
755 2557 880 2632 Quanto
891 2576 994 2638 poeno
1008 2558 1181 2638 quempiam

178 2649 328 2720 quantove
345 2645 486 2720 proemio
504 2644 544 2705 sit
564 2643 651 2723 offici
670 2643 807 2706 iustam?
830 2651 859 2703 et
876 2642 1026 2703 translatio
1045 2649 1179 2703 versetur

135 2727 257 2792 tecircc
275 2724 459 2804 qualitatem,
482 2734 512 2786 et
534 2727 662 2789 delinitio
684 2745 753 2808 pars
775 2729 813 2787 sit
832 2726 1044 2795 translationis;
1066 2728 1182 2806 quinat
1289 2765 1290 2772 ι

178 2810 342 2870 contrariae
359 2808 443 2887 leges
465 2819 495 2872 et
510 2813 726 2874 ratiocinativus
740 2819 848 2888 status,
868 2809 897 2872 id
918 2819 964 2871 est
978 2811 1181 2888 syllogismos,

179 2899 209 2952 et
224 2891 396 2973 plerumque
410 2896 511 2975 scripti
525 2905 556 2958 et
569 2897 726 2958 uoluntatis
746 2911 842 2995 aeqnp
858 2895 996 2964 nitentum
1015 2895 1093 2973 (nisi
1102 2892 1183 2973 quod

177 2977 225 3037 hic
240 2977 342 3038 tertius
359 2979 513 3058 aliquando
530 2981 726 3042 coniecturam
739 2980 862 3057 accipit,
879 2979 948 3059 quid
962 2980 1089 3040 senserit
1103 2978 1181 3056 legis

178 3061 372 3143 constitutor)
403 3064 618 3164 ambiguitatem
643 3080 716 3123 vero
744 3081 861 3142 semper
890 3065 1059 3125 coniectura
1086 3060 1181 3140 expli-

61 3196 66 3203 .
179 3146 239 3206 cari
254 3162 379 3206 neeesse
394 3148 448 3223 sit,
469 3150 551 3227 quia,
571 3165 634 3207 cunr
652 3148 689 3206 sit
702 3147 901 3224 manifestum,
923 3146 1080 3208 verborum
1095 3145 1167 3208 intel

176 3209 284 3289 lectum
300 3247 368 3291 esse
383 3231 545 3309 duplicem,
566 3231 603 3290 de
619 3230 684 3291 sola
701 3233 849 3310 quaeritur
865 3231 1025 3293 uoluntate

134 3317 170 3374 ts
262 3311 434 3413 Aplurimis
452 3321 527 3373 tres
550 3322 616 3375 sunt
630 3315 700 3377 lacti
714 3315 871 3393 generales
895 3324 1004 3392 status,
1028 3314 1132 3394 quibus
1149 3322 1182 3374 et

178 3392 308 3456 Cicero
298 3415 328 3457 ιιι
344 3395 468 3457 Oratore
486 3397 590 3476 utitur,
612 3407 641 3459 et
663 3401 772 3477 omnia,
796 3417 871 3480 quae
890 3401 966 3461 aut
957 3418 987 3460 ιιι
1008 3409 1180 3462 controver-

178 3479 247 3528 siam
269 3488 318 3539 aut
337 3481 366 3538 in
384 3482 600 3542 contentionem
616 3485 748 3562 veniant,
773 3486 915 3546 contineri
931 3492 1029 3563 putat,
1053 3477 1180 3547 Sitnel
