2570 3946
206 208 247 272 36
522 216 887 276 m.nnn.au1nn1u1unr

206 375 385 438 reformidat.
409 373 480 435 Sunt
495 355 614 452 qui'vim
628 372 726 450 potius
740 371 832 432 intuiti
847 373 1078 452 munientem
1090 381 1215 438 vocent.

164 460 288 528 ultano
302 459 390 520 habet
405 456 560 537 aliquando
576 472 659 514 usum
680 457 892 533 necessatium,
916 458 1052 536 quotiens
1067 459 1215 538 interpra-

205 548 316 606 tatione
330 561 397 620 res,
420 542 457 603 de
472 557 530 620 qua
546 541 710 619 quaeritur,
733 549 816 619 eget:
838 549 869 601 ut
890 540 929 602 ti.
945 539 1063 603 (laelius
1086 561 1120 604 se
1142 561 1215 604 esse

206 630 351 691 hominem
367 628 454 706 fntpi
473 625 536 686 vult
560 623 704 704 probare,
727 640 785 684 non
807 626 873 704 quis
896 625 1043 687 abstinens
1065 628 1104 687 sit
1130 627 1213 705 (nam

205 714 236 775 id
255 732 292 774 ne
313 713 426 772 mentiri
449 710 564 788 quidem
587 710 718 789 poterat)
741 710 795 771 sed
815 712 882 789 quia
900 710 978 772 utilis
998 711 1096 771 multis
1115 710 1145 772 id
1166 719 1215 770 eet

206 799 391 872 fructuosus,
420 795 494 854 unde
516 794 554 853 sit
577 793 662 854 ducta
685 793 866 873 fraenatos.
907 795 1037 874 ideoque
1059 798 1088 855 in
1106 794 1213 856 'delini-

164 882 332 944 30tionihus
352 881 517 958 assignatur
538 878 734 954 etymologiae
756 879 849 940 locus.
889 878 1099 958 Nonnunquam
1125 880 1213 939 etiam

206 965 330 1027 barbara
352 963 387 1024 ab
403 964 562 1025 emendatis
582 971 703 1023 mnatur
722 963 908 1040 discernere,
931 972 963 1024 ut
976 982 1057 1040 cum,
1084 963 1212 1042 Trique-

207 1061 287 1112 tram
307 1049 363 1111 dici
378 1047 506 1110 Siciliam
522 1065 559 1108 an
577 1045 798 1125 Triquedram,
821 1050 980 1110 neaman
995 1066 1032 1109 an
1046 1049 1213 1111 medidiem

164 1137 197 1191 31
207 1142 357 1215 oporteat,
366 1133 525 1213 quaeritur,
538 1131 653 1211 aliaque
665 1149 741 1210 quae
755 1131 954 1192 consuetudini
970 1134 1109 1194 serviunt.
1133 1129 1212 1192 (lon-

206 1225 278 1280 tinet
295 1226 391 1278 autem
409 1218 438 1278 in
456 1235 490 1276 se
504 1215 620 1277 multam
641 1217 849 1293 cruditionem,
868 1219 932 1278 sive
950 1235 989 1277 ex
1005 1215 1127 1278 Graecis
1146 1225 1212 1277 orta

205 1312 379 1379 tractemus,
402 1319 477 1380 quae
495 1307 560 1360 sunt
577 1300 700 1379 plurima
718 1302 937 1380 praecipueque
952 1300 1077 1362 Aeolion
1096 1302 1213 1363 ratione

207 1388 270 1467 (cui
289 1396 336 1448 est
358 1401 454 1446 nermo
476 1391 578 1443 noster
596 1384 956 1466 simillimus),tieciinata,
978 1388 1042 1446 sivo
1060 1404 1099 1448 ox
1119 1385 1212 1446 histo·

206 1473 312 1532 riarum
328 1477 459 1530 veterum
475 1469 577 1528 notitia
595 1469 708 1529 nomina
725 1469 884 1547 hominum,
902 1469 1051 1547 iocorum,
1070 1471 1211 1548 gentium,

206 1554 319 1616 urbium
336 1554 533 1632 requiramus,
556 1552 632 1613 unde
650 1551 757 1630 Bruti,
780 1553 973 1633 Publicolae,
994 1553 1136 1635 Pyliieii
1160 1570 1213 1613 our

207 1638 343 1714 Latiam,
366 1637 477 1712 italia,
500 1635 725 1701 Beneventum?
753 1655 828 1716 qnae
850 1637 1032 1719 Capitolium
1051 1647 1081 1698 et
1103 1637 1213 1700 coliem

209 1723 400 1798 Quirinalem
423 1729 453 1781 et
473 1718 642 1800 Arqiletum
663 1720 829 1801 appellandi
848 1720 942 1783 ratio?

164 1816 199 1870 32
291 1807 350 1867 Iam
375 1804 427 1867 illa
447 1806 574 1881 minora,
599 1806 629 1865 iu
656 1805 759 1884 quibus
787 1808 910 1868 mantne
932 1807 1055 1869 sardiani
1082 1810 1145 1868 eins
1166 1808 1213 1868 rei

205 1892 378 1971 fatigantur,
407 1893 482 1968 quae
504 1888 652 1969 paululum
675 1890 818 1952 declinata
845 1893 925 1952 vario
952 1901 981 1952 et
1011 1891 1212 1971 multiplieiter

207 1977 243 2039 ad
263 1977 416 2036 veritatem
437 1973 578 2035 reducunt
599 1983 648 2034 aut
669 1976 814 2054 correptis
837 1985 885 2035 aut
907 1978 1069 2055 porrectis,
1090 1985 1141 2037 aut
1161 1977 1210 2036 ad·

207 2061 291 2120 iectis
310 2067 359 2120 aut
381 2059 535 2135 detractis,
558 2069 606 2119 aut
628 2061 797 2136 permutatis
819 2059 922 2120 litteris
941 2060 1111 2136 syllabisve.
1139 2059 1212 2121 lude

87 2183 97 2196 .
207 2143 306 2222 pravis
326 2141 450 2220 ingeniis
476 2142 511 2201 ad
534 2141 818 2221 foedissimumque
841 2142 964 2204 ludibria
989 2145 1131 2206 labuntur.
1167 2144 1211 2204 Sit

209 2227 284 2287 enim
306 2223 420 2288 Consul
445 2243 461 2284 a
483 2225 664 2286 consulendo
691 2226 741 2287 vel
766 2245 783 2286 a
810 2227 978 2298 iudicando;
1006 2246 1071 2289 nam
1089 2231 1126 2289 ‘et
1153 2229 1212 2290 hoc

209 2312 369 2374 coasulm
389 2317 507 2369 veteres
528 2319 724 2387 vocaverunt,
753 2312 829 2373 unde
857 2312 951 2373 adhuc
975 2323 1104 2374 remanet
1127 2313 1210 2389 iliud,

166 2403 299 2474 &rapat
315 2395 387 2458 boni
403 2395 546 2456 consular
562 2394 591 2454 id
612 2403 657 2454 cst
677 2395 784 2456 bonnm
805 2396 926 2457 iudices.
959 2395 1090 2460 Senatui
1105 2414 1211 2458 nomen

208 2479 322 2541 dederit
340 2487 437 2553 amas,
458 2494 523 2537 nam
538 2478 625 2538 iidem
636 2477 746 2542 Patres
763 2489 843 2557 sunt,
867 2489 897 2540 et
914 2500 973 2544 reu
987 2492 1091 2545 rector
1108 2491 1137 2542 et
1154 2482 1212 2542 alia

208 2563 330 2644 piurima
349 2562 520 2630 indubitata;
543 2581 599 2623 neo
617 2562 765 2624 abnuerim
782 2566 903 2644 tepulae
921 2568 1105 2646 repulaeque
1125 2575 1154 2627 et
1171 2566 1211 2626 si·

207 2649 314 2709 milium
336 2649 380 2709 his
402 2649 553 2708 rationem.
586 2646 646 2707 lam
666 2649 703 2707 sit
722 2657 751 2708 et
769 2651 882 2712 elassis
900 2667 916 2710 a
935 2649 1057 2711 calando
1075 2661 1105 2712 et
1121 2651 1212 2729 lepus

165 2734 322 2811 iileoipeo
338 2741 373 2792 et
394 2733 642 2812 oulpceoolipen:
667 2734 789 2794 etiamne
812 2751 828 2794 a
851 2737 1003 2795 contrariis
1020 2735 1117 2814 aliqua
1134 2737 1210 2795 sine·

208 2831 270 2894 mus
291 2815 381 2892 trahi,
404 2823 435 2874 ut
456 2817 561 2892 laeuo,
584 2818 651 2894 quia
672 2818 771 2879 umbra
792 2834 902 2897 opacus
923 2836 1023 2898 parum
1042 2823 1157 2888 luceat:
1181 2827 1211 2879 et

208 2897 317 2976 ludat,
345 2901 411 2978 quia
434 2899 471 2958 eit
493 2898 663 2976 longissime
686 2904 809 2972 alaeue
838 2911 867 2962 et
886 2901 984 2980 Ditis,
1011 2905 1078 2982 quia
1097 2901 1211 2964 minime

209 2984 318 3045 diaeo?
351 2985 473 3043 etiamne
500 2983 648 3045 homiuem
673 2987 830 3065 appellari,
859 2989 926 3065 qnia
951 2989 988 3048 sit
1015 2989 1104 3049 lamo
1128 2997 1212 3048 natus

210 3068 309 3148 (quasi
330 3083 403 3128 vero
422 3083 480 3126 non
502 3067 633 3127 omnibus
655 3069 823 3132 animalibus
845 3071 947 3132 eadem
969 3073 1071 3151 origo,
1099 3080 1148 3132 aut
1168 3071 1212 3132 iili

208 3155 293 3231 primi
314 3151 454 3214 mortales
476 3159 668 3214 autonomon
689 3157 878 3234 imposuerint
900 3165 998 3217 terrae
1020 3173 1105 3237 quam
1128 3155 1211 3235 sibi),

87 3305 89 3309 ,
166 3245 236 3302 itet
257 3239 353 3301 aeria
374 3234 410 3298 ab
431 3242 500 3297 aire
521 3237 705 3301 verberato?
734 3240 905 3316 Pergamus:
935 3244 979 3301 sic
1006 3242 1212 3321 perveniemus

210 3338 357 3401 eousque,
385 3329 416 3382 ut
440 3323 529 3384 atella
550 3320 661 3382 luminis
684 3324 767 3385 stilla
790 3324 939 3402 credatur,
964 3328 1045 3388 cuius
1069 3323 1197 3402 etymoio

208 3410 275 3484 gine
295 3416 444 3468 auctorem
465 3405 574 3468 ciarum
595 3421 666 3466 sane
687 3410 716 3467 in
735 3407 839 3468 litteris
855 3413 994 3472 nominari
1010 3412 1039 3470 in
1059 3427 1095 3470 oa
1116 3417 1212 3488 parte,

166 3499 265 3570 inqua
287 3509 303 3553 u
322 3509 368 3554 me
392 3489 624 3570 reprehenditur,
655 3491 835 3554 inhumanum
858 3503 911 3554 est.
961 3494 1017 3568 Qui
1043 3511 1116 3554 uero
1143 3493 1213 3555 talia
