2592 3940
372 269 461 318 mer.
476 267 811 335 orerecurrunt.
1037 255 1099 318 259

182 422 256 484 Nam
272 431 302 482 et
317 439 371 502 per
386 430 490 498 totam,
513 431 544 482 ut
559 422 699 500 diximus,
727 440 843 482 causam
865 422 950 484 iocus
973 433 1018 482 est
1045 424 1100 485 ai·

98 505 286 582 iectibus,
304 514 333 566 et
349 522 450 565 eorum
464 524 523 567 non
539 506 663 585 simplex
677 514 778 566 natura
793 524 849 566 nec
864 507 892 565 in
908 507 1028 566 transitu
1043 516 1100 567 tra·

100 589 214 666 ctanda,
230 606 288 668 quo
300 589 370 649 nihil
387 588 493 649 afferre
508 591 597 649 maius
608 592 653 649 vis
669 589 769 650 orandi
781 598 890 668 potest.
917 589 989 649 Nanr
1002 600 1129 656 ceterae

98 673 221 734 iorsitan
238 673 332 733 tennis
349 689 467 750 quoque
483 682 513 733 et
527 681 648 750 angusta
665 673 772 750 ingenii
789 690 881 749 vena,
904 675 929 733 si
949 674 1034 734 modo
1052 675 1102 734 rel

99 758 231 818 doctrina
251 755 301 815 vel
322 773 376 815 usu
394 757 431 814 sit
447 755 556 832 adiuta,
577 773 722 832 generare
743 765 830 834 atque
855 755 892 816 ed
911 755 1026 834 frugem
1049 756 1101 817 ali·

100 857 185 919 quarn
206 839 372 918 perducere
395 848 495 916 queat;
519 849 600 899 certe
622 847 688 898 sunt
710 856 886 918 semperque
906 840 1022 900 fuerunt
1043 857 1102 903 non

97 940 200 1002 parurn
218 922 316 998 multi,
348 921 396 1001 qui
421 924 492 982 satis
519 925 633 1002 perite,
663 940 737 1003 quae
760 931 860 982 essent
881 923 1101 1000 probationibus

97 1005 190 1081 utilia,
207 1007 380 1084 reperirent.
418 1004 499 1080 Quos
523 1005 657 1085 equidem
672 1023 730 1066 non
746 1015 917 1082 contemno,
933 1005 986 1066 sed
1001 1006 1101 1067 hacte-

97 1108 152 1149 nus
168 1088 254 1148 utiles
277 1088 384 1166 credo,
406 1107 443 1148 ne
464 1089 532 1168 quid
552 1107 609 1168 per
626 1105 679 1148 eos
695 1089 782 1148 iudici
797 1090 834 1148 sit
851 1089 996 1165 ignotum,
1013 1100 1100 1169 atque

99 1173 148 1252 (ut
164 1172 266 1250 dicam,
284 1173 363 1250 quod
381 1173 493 1252 sentio)
510 1172 628 1250 dignos,
647 1189 663 1232 a
679 1169 782 1249 quibus
802 1188 917 1231 censam
932 1171 1032 1232 diserti
1050 1173 1100 1232 do·

99 1265 250 1325 cerentur;
275 1256 323 1333 qui
342 1273 415 1316 vero
439 1256 562 1315 iudicem
582 1272 689 1334 rapere
704 1262 750 1331 et,
773 1256 802 1313 in
817 1271 902 1332 quern
915 1254 1008 1316 vellet
1020 1255 1101 1315 habi·

97 1349 158 1400 turn
173 1339 267 1414 animi,
282 1346 385 1416 posset
398 1337 572 1417 perducere,
589 1355 646 1416 quo
664 1337 742 1399 dicto
761 1336 903 1416 flendum,
919 1339 1101 1399 irascendum

98 1430 196 1498 esset,
216 1438 298 1480 rarus
316 1420 378 1480 init.
408 1421 497 1500 Atqui
512 1422 570 1482 hoc
585 1431 639 1498 est,
657 1422 734 1499 quod
750 1421 910 1482 dominetur
925 1423 954 1483 in
975 1421 1131 1498 iudiciis,4

96 1507 173 1568 haec
197 1505 391 1582 eloquentiam
411 1513 525 1581 regunt.
574 1503 705 1583 Namque
735 1509 902 1582 argumenta
929 1505 1101 1584 plerumque

97 1598 255 1650 nascuntur
271 1605 422 1664 excausa,
438 1597 468 1647 et
483 1604 537 1667 pro
553 1589 675 1649 meliore
691 1597 774 1667 parte
790 1589 875 1668 plura
891 1599 957 1649 sunt
972 1607 1099 1667 semper,

98 1681 148 1749 ut,
171 1673 219 1751 qui
235 1689 289 1750 per
305 1671 379 1731 haec
399 1673 484 1747 vicit,
507 1680 614 1732 tanturn
635 1689 693 1732 non
713 1672 842 1732 defuisse
859 1671 915 1731 sibi
930 1671 1101 1732 advocatum

98 1757 182 1817 sciat.
212 1753 269 1814 Ubi
283 1772 355 1815 vero
372 1756 471 1814 animis
486 1753 611 1815 iudicum
625 1757 669 1814 vis
690 1755 838 1815 afferenda
856 1763 918 1832 est,
941 1765 970 1815 et
985 1753 1021 1814 ab
1036 1757 1129 1832 ipsas

99 1840 163 1900 veri
184 1837 426 1917 contemplatione
442 1837 611 1899 abducenda
625 1855 721 1898 mens:
746 1839 787 1898 ibi
804 1839 954 1918 proprium
975 1839 1100 1899 oratoris

99 1939 175 2002 opns
191 1931 246 1982 est.
275 1920 339 1980 Hoc
353 1937 410 1981 non
430 1921 517 1981 docet
533 1917 678 1999 litigator,
699 1922 757 1982 hoe
774 1921 882 1982 libellis
897 1939 955 1981 non
972 1923 1100 1981 contine·

98 2017 155 2072 tur.
186 2003 376 2065 Prodationes
392 2006 466 2065 enirn
482 2004 609 2065 efficiant
623 2023 709 2081 sane,
725 2013 756 2065 ut
771 2023 886 2066 cansam
899 2014 1027 2067 nostram
1041 2023 1099 2065 me·

99 2091 204 2152 liorem
225 2104 292 2149 esse
312 2087 423 2149 iudices
438 2097 554 2167 putent,
575 2089 696 2149 adiectus
714 2098 877 2168 praestant,
904 2099 935 2148 ut
951 2091 1036 2149 etiam
1049 2107 1099 2148 ve·

99 2173 167 2241 lint;
184 2172 237 2232 sed
248 2171 298 2248 id,
311 2171 389 2252 quod
402 2171 518 2247 volunt,
537 2172 658 2234 credunt
677 2190 803 2251 qnoque.
838 2171 909 2233 Nam
924 2191 988 2232 cum
1001 2174 1129 2248 irasci,6

99 2256 213 2331 iavere,
230 2254 340 2333 odisse,
355 2258 487 2315 misereri
504 2265 680 2334 coeperunt:
697 2258 744 2334 agi
758 2259 813 2316 iarn
828 2275 890 2316 rern
904 2274 985 2316 suam
1000 2257 1100 2315 existi·

100 2345 193 2406 mant3
210 2345 255 2413 et,
271 2339 346 2397 sicut
364 2346 492 2398 ementes
508 2338 545 2398 de
558 2339 651 2398 forma
664 2338 792 2398 iudicare
809 2356 867 2398 non
883 2347 1017 2416 possunt,
1034 2340 1100 2415 quie

99 2439 218 2482 sensum
229 2420 380 2480 oculorum
393 2422 537 2499 praecipit
553 2423 677 2481 animus:
689 2423 729 2480 ita
741 2437 853 2480 ornnem
864 2422 994 2480 veritatis
1008 2421 1099 2499 inqui·

99 2504 209 2566 rendae
231 2506 372 2564 rationem
395 2504 482 2564 iudex
509 2506 612 2564 omittit
637 2512 796 2582 occupatus
819 2503 985 2573 caccubum
1016 2512 1099 2563 aestu

99 2589 192 2650 fertur
207 2596 236 2648 et
251 2586 333 2648 velut
347 2586 449 2666 rapido
469 2585 574 2646 flumini
601 2586 779 2666 obsequitur.
815 2586 858 2647 Ita
878 2596 1045 2664 argumenta
1063 2589 1126 2646 aci

15 2705 16 2732 ι
100 2679 194 2732 testes
215 2670 283 2750 quid
302 2672 431 2747 egerint,
452 2672 645 2749 pronuntiatio
662 2669 801 2739 ostendit;
825 2678 984 2730 commotus
1006 2678 1100 2730 autem

15 2767 16 2826 ι
101 2751 138 2816 ab
161 2763 279 2814 oratore
293 2753 396 2832 index,
420 2753 488 2832 quid
503 2756 624 2830 sentiat,
646 2753 752 2813 sedens
768 2752 861 2814 adhuc
879 2761 965 2830 atque
981 2753 1099 2814 audiens

102 2838 264 2899 confltetur.
299 2835 362 2914 An,
387 2856 451 2898 cum
465 2836 530 2913 ille,
551 2839 599 2916 qni
614 2837 764 2917 plerisque
779 2837 1012 2915 perorationibus
1026 2840 1099 2917 peti·

102 2931 166 2996 tur,
182 2920 266 2982 detur
284 2923 422 3000 erumpit,
437 2938 495 2980 non
511 2920 605 3000 palam
620 2921 695 2982 dicta
709 2922 851 2990 sententia
873 2917 937 2980 est?
966 2920 1029 2981 Huc
1046 2922 1098 2998 igi-

103 3013 149 3064 tur
163 3005 307 3064 incumbat
321 3014 435 3082 orator,
459 3005 605 3083 hocopus
624 3007 702 3080 eius,
721 3004 768 3065 hic
783 3003 866 3065 labor
883 3012 945 3078 est,
962 3006 1024 3062 sine
1040 3019 1098 3082 quo

15 3073 17 3100 ¹
103 3095 203 3147 cetera
222 3086 307 3163 nuda,
324 3089 429 3164 ieiune,
445 3088 565 3164 infirma,
581 3091 692 3165 ingrata
711 3091 781 3156 sint;
798 3087 872 3148 adeo
885 3086 967 3145 reiut
980 3088 1098 3165 spiritns

103 3169 202 3248 operis
216 3168 299 3229 huius
317 3179 403 3248 atque
414 3173 521 3231 animus
540 3181 584 3232 est
603 3173 632 3231 in
648 3172 808 3232 affectibus.

185 3252 293 3312 Horum
308 3262 412 3330 autern,
429 3255 503 3315 sicut
518 3257 671 3356 antiquitus
686 3255 818 3315 traditum
829 3254 1005 3330 accepimus,
1024 3252 1126 3315 duaess

103 3346 169 3398 sunt
193 3335 325 3416 species:
349 3337 468 3397 alterum
487 3336 590 3398 Graeci
603 3333 703 3410 πάθος
716 3345 838 3415 vocant,
863 3337 956 3437 quod
957 3353 1011 3395 nos
1032 3354 1097 3395 rer·

102 3429 198 3481 tentes
213 3427 295 3480 recte
310 3436 345 3480 ac
358 3421 478 3499 proprie
492 3421 634 3502 affectam
649 3423 783 3498 dicimus,
800 3421 919 3482 alteram
935 3405 1028 3496 ἦθος,
1050 3438 1097 3479 cn·

103 3506 147 3564 ius
167 3504 298 3580 nomine,
319 3513 349 3563 ut
372 3521 428 3575 eno
449 3504 562 3582 quidem
583 3507 696 3573 sentio.
719 3515 799 3566 caret
822 3501 1098 3656 serrpp*liomanus;
