2608 3948
190 217 251 281 132
507 229 871 290 assumpturum

187 386 257 448 editi
278 388 311 448 irs
331 389 557 468 competitores,
576 387 609 446 io
630 383 664 448 L.
681 383 835 462 Piscem,
863 386 896 447 io
918 381 1059 447 Clodium
1079 394 1109 448 et
1130 383 1191 448 Ou-

188 473 305 532 riocem
317 469 384 530 libri
395 472 636 549 vituperationem
648 470 795 529 continent
810 477 839 528 et
851 476 946 529 tamen
960 471 989 528 in
1001 467 1109 529 Senatu
1120 469 1191 532 loco

160 562 256 618 dsunt
270 553 359 615 babiti
375 555 546 615 sententiae.
576 551 680 630 Neque
704 552 808 613 inlitias
826 567 879 627 eo,
904 551 1042 631 quasdam
1062 570 1131 613 esse
1153 573 1192 614 ex

186 638 247 700 boc
265 655 375 714 genere
389 638 524 699 materias
541 636 578 698 ad
596 634 689 696 solam
706 637 883 715 compositas
899 638 1138 714 ostentationem,
1159 649 1193 698 ιιι

131 789 134 794 ,
188 721 289 783 laudes
311 721 430 783 deorum
450 721 653 799 virorumque,
682 736 755 798 quos
776 721 874 799 priora
901 729 1033 798 tempora
1054 720 1190 781 tulerunt.

187 804 254 879 Quo
270 805 393 865 solvitur
410 805 543 884 quaestio
556 810 650 882 'supra
665 812 804 879 tractata,
822 803 1060 882 manifestumque
1082 814 1128 865 est
1145 822 1192 866 er·

188 905 255 949 rare
276 893 346 964 ecs,
368 888 416 967 qui
438 905 580 967 nunquam
601 895 747 948 oratorem
766 888 908 948 dicturum
927 888 983 946 nisi
1005 887 1042 948 de
1058 906 1091 949 re
1106 888 1192 949 dubia

160 980 372 1049 aputaverunt.
404 971 450 1032 An
465 971 566 1032 laudes
583 969 739 1051 Capitolini
754 970 849 1046 lovis,
872 979 1014 1050 perpetua
1033 973 1110 1032 sacri
1128 990 1191 1033 oer-

188 1055 301 1115 tarninis
308 1057 445 1182 panateria,
463 1055 512 1116 vel
529 1055 632 1116 dubiae
648 1064 715 1114 sunt
730 1055 780 1115 vel
793 1071 852 1114 non
869 1055 997 1115 oratorio
1010 1073 1120 1132 genere
1133 1066 1192 1116 tra·

190 1147 318 1199 alantur.

274 1221 313 1282 Ut
327 1223 474 1284 desiderat
489 1232 584 1283 autern
598 1223 681 1297 laus,
697 1239 773 1300 qaae
787 1222 914 1299 negotiis
930 1222 1098 1299 adhibetur,
1124 1239 1193 1302 pro-

189 1305 352 1367 bationem:
374 1309 419 1368 sic
432 1308 517 1367 etiam
532 1306 593 1382 illa,
608 1322 682 1384 quae
698 1307 884 1365 ostentationi
897 1310 1089 1385 componitur,
1105 1306 1194 1367 babet

160 1399 178 1451 5
190 1391 304 1451 interim
317 1390 444 1468 aliquam
459 1392 589 1468 speciem
602 1388 796 1467 probationis;
812 1397 844 1448 ιιι
858 1389 907 1466 qui
926 1388 1078 1451 Romulum
1092 1389 1193 1451 blartie

189 1473 279 1533 lilium
291 1472 500 1550 educatumque
514 1490 531 1532 a
543 1472 611 1550 lupa
628 1472 722 1548 dicat,
741 1474 770 1532 iu
782 1480 979 1550 argumentum
993 1474 1135 1538 coelestis,
1145 1489 1192 1534 or·

188 1565 234 1616 tus
251 1565 346 1617 utatur
362 1556 417 1632 bis,
436 1556 513 1635 qood
525 1555 655 1616 abiectus
673 1557 701 1614 in
717 1555 910 1634 profluentem
927 1573 985 1617 non
996 1558 1123 1637 potuerit
1141 1575 1193 1617 ex·

190 1640 291 1716 tingui,
316 1639 394 1718 quod
419 1641 513 1700 omnia
536 1641 580 1700 sic
603 1641 713 1717 egerit,
735 1648 766 1699 ut
790 1641 918 1717 genitum
940 1641 1076 1720 praeside
1097 1641 1192 1702 bello·
1227 1697 1234 1710 ,

189 1741 252 1783 rum
275 1723 331 1785 deo
353 1722 524 1786 incredibile
546 1740 604 1783 non
626 1733 724 1800 esset,
748 1724 826 1802 quod
848 1725 942 1804 ipsum
965 1742 1081 1804 quoque
1105 1724 1192 1784 coelo

161 1815 341 1885 treceptun
368 1808 507 1886 temporis
533 1809 595 1867 eius
617 1808 748 1869 homines
771 1825 830 1868 nou
850 1807 1051 1869 dubitaverint.
1097 1807 1193 1882 Quae-

190 1891 338 1951 darnvero
356 1892 441 1951 etiam
453 1891 481 1950 in
497 1891 675 1952 defensionis
696 1893 826 1970 speciem
844 1892 958 1969 cadent,
979 1901 1010 1952 ut
1023 1894 1048 1952 si
1059 1894 1088 1952 in
1107 1891 1208 1952 laude·

189 1974 324 2036 Herculis
346 1983 538 2053 permutatum
560 1975 624 2035 cum
645 1977 747 2054 regina
769 1975 876 2051 Lydiae
896 1975 1023 2036 habitum
1050 1984 1080 2035 et
1101 1977 1194 2054 impe-

191 2067 264 2134 rata,
287 2066 318 2117 ut
339 2056 469 2134 traditur,
494 2076 585 2137 pensa
604 2069 704 2121 orator
721 2068 853 2120 excuset.
889 2058 948 2118 Sed
965 2059 1112 2136 proprium
1131 2057 1190 2117 lau·

191 2141 234 2200 dis
257 2149 303 2200 eat
324 2158 372 2200 res
395 2141 636 2220 amplificare
658 2153 688 2204 et
711 2158 853 2202 ornare.

275 2222 358 2297 Quae
387 2228 507 2288 materia
533 2228 692 2307 praecipue
719 2223 835 2304 quidem
859 2225 888 2282 in
908 2222 982 2283 deos
1006 2232 1036 2283 et
1060 2224 1194 2284 homines

191 2306 283 2383 cadit,
307 2317 465 2371 esttamen
482 2311 649 2372 etaliorum
667 2307 827 2370 animalium
843 2307 929 2367 etiam
953 2307 1111 2368 carentium
1133 2310 1194 2368 ani·

162 2400 245 2456 lma.
278 2390 387 2453 Verum
409 2394 437 2454 in
457 2395 537 2455 deis
560 2391 740 2469 generaliter
760 2391 881 2468 primum
902 2391 1085 2452 maiestatem
1101 2392 1193 2470 ipsius

191 2492 292 2536 ecrurn
313 2486 433 2537 naturae
456 2474 673 2549 venerabimur,
698 2474 803 2535 deinde
825 2476 946 2554 proprie
966 2476 1025 2536 vim
1052 2476 1194 2554 cuiusque

161 2567 221 2622 εει
245 2560 378 2638 inventa,
408 2578 482 2639 quae
510 2557 580 2617 utile
608 2556 716 2636 aliquid
743 2557 905 2619 bominibus
935 2560 1092 2621 attulerint.
1139 2559 1193 2618 Vis

191 2644 368 2721 ostenditur,
390 2652 422 2705 ut
443 2645 471 2703 in
487 2642 557 2703 love
575 2642 770 2718 regendorum
793 2643 927 2720 omnium,
949 2645 979 2702 in
995 2642 1088 2704 blarte
1109 2642 1192 2717 belli,

190 2728 218 2785 in
238 2724 374 2805 Neptuno
396 2728 496 2793 maris;
517 2726 648 2802 inventa,
671 2736 702 2788 ut
719 2727 821 2788 artium
837 2727 865 2786 in
879 2726 1025 2802 blinerva,
1046 2725 1192 2786 llercurio

191 2809 362 2888 litterarum,
381 2809 542 2870 medicinae
558 2809 707 2889 Apolline,
727 2807 838 2871 Cerere
852 2811 982 2888 frugum,
1000 2809 1106 2870 bibero
1122 2809 1191 2869 vini.

191 2891 262 2954 l'um
285 2894 309 2954 si
333 2912 388 2972 qua
408 2891 444 2953 ab
466 2891 511 2952 bis
533 2902 598 2954 acta
619 2902 750 2955 vetustas
769 2894 902 2969 tradidit,
931 2892 1192 2954 commemoranda.

190 2976 307 3039 Addunt
328 2978 413 3037 etiam
435 2975 489 3036 diis
507 2974 647 3036 honorem
662 2985 810 3057 parentes,
833 2986 863 3038 ut
880 2980 905 3037 si
922 2978 985 3055 quis
1003 2978 1040 3038 sit
1058 2976 1133 3038 lilius
1146 2975 1192 3037 lo-

189 3061 250 3130 vis;
274 3059 352 3122 addit
373 3057 544 3137 antiquitas,
568 3060 672 3136 uthis,
697 3061 831 3139 quisunt
854 3079 892 3121 ex
914 3059 1010 3130 Oba03
1034 3061 1193 3140 progenies

162 3155 325 3224 9quoque,
347 3151 377 3202 ιιι
401 3141 513 3221 Apollo
536 3161 570 3204 ac
591 3143 683 3204 Diana
705 3143 842 3205 Latonae.
875 3143 1058 3207 laudandum
1080 3147 1110 3204 in
1131 3145 1193 3224 qui·

190 3227 327 3303 busdam,
351 3226 430 3305 quod
452 3227 543 3306 geniti
559 3226 747 3305 immortales,
770 3227 954 3306 quibusdam,
979 3228 1057 3308 quod
1078 3230 1193 3288 immor·

190 3311 330 3372 talitatem
359 3311 466 3372 virtute
488 3312 544 3373 sint
565 3312 729 3379 consecuti3
760 3312 838 3389 quod
863 3313 956 3391 pietas
978 3313 1118 3392 principis
1141 3329 1192 3371 no·

128 3469 130 3474 ,
191 3395 243 3453 etri
265 3397 461 3472 praesentium
484 3411 602 3474 quoque
623 3403 784 3474 temporum
805 3396 894 3457 decus
915 3396 994 3456 lecit.

149 3489 185 3540 10
276 3473 369 3554 blagis
393 3488 438 3538 est
460 3478 540 3539 varia
558 3479 621 3539 laus
643 3479 831 3539 hominum.
865 3478 937 3540 Nam
952 3481 1074 3558 primum
1092 3477 1195 3540 dividi-
