2570 3946
311 217 313 222 ’
360 242 831 310 mun.oesnou.n1n.11,1u.
1058 231 1096 296 81

92 419 151 482 que
175 400 307 481 perdite,
331 399 407 460 unde
431 400 529 460 evenit
551 416 771 479 nonnunquam,
801 409 831 460 ut
856 400 965 481 aliquid
986 401 1098 478 grande

91 487 235 562 inveniat,
252 486 300 562 qui
317 501 435 563 semper
451 485 583 563 quaerit,
601 483 679 563 quod
696 485 811 544 nimium
827 493 888 552 est;
905 503 1007 546 verum
1021 485 1050 546 id
1068 493 1099 546 et

90 585 158 630 raro
175 570 327 648 provenit,
352 576 383 627 et
403 576 484 628 certa
504 569 573 628 vitia
587 585 645 628 non
661 577 774 646 pensat.
815 566 939 646 Propter
952 569 1011 629 hoc
1026 579 1127 647 quo-6

91 671 149 731 que
165 652 308 713 interdum
322 650 455 711 videntur
469 651 578 712 indocti
592 653 705 730 copiam
721 651 831 712 habere
845 653 999 729 malorem,
1019 651 1098 731 quod

89 737 190 799 dicunt
207 738 315 804 omnia;
338 735 432 795 doctis
456 744 503 797 est
523 745 553 796 et
574 736 688 797 electio
707 745 736 796 et
750 735 862 797 modus.
905 735 956 796 llis
971 737 1097 814 accedit,

90 821 169 901 quod
184 839 201 880 a
217 837 287 880 cura
301 819 441 894 docendi,
465 820 543 898 qnod
558 820 750 896 intenderunt,
766 819 916 882 recedunt.
947 819 1049 899 ltaque
1063 820 1097 881 il·

89 904 141 966 lud
157 905 357 983 quaestionum
373 912 403 963 et
423 913 657 980 argumentorum
678 903 753 984 apud
776 914 913 984 corrupta
928 903 1033 966 iudicia
1047 905 1097 965 iri·
1138 903 1141 908 '

89 1006 146 1066 qus
162 989 270 1048 evitant
284 987 413 1066 nihilque
427 987 520 1064 aliud,
538 1005 622 1067 quam
640 988 718 1068 quod
728 988 778 1048 uel
790 990 887 1069 pravis
898 988 1097 1069 voluptatibus

89 1089 177 1133 aures
192 1073 387 1133 assistentium
401 1072 592 1151 permulceat,
609 1081 760 1152 quoerunt.
796 1073 964 1134 Sententiae
981 1079 1123 1153 quoque?

89 1158 189 1235 ipsae,
212 1173 283 1235 quas
306 1157 385 1216 solas
401 1164 520 1234 petunt,
542 1158 634 1234 magis
659 1157 800 1232 eminent,
826 1174 890 1216 cum
910 1159 1097 1232 omniacirca

88 1240 156 1300 illas
180 1241 341 1304 sordidast
363 1239 476 1302 abiecta
498 1249 576 1310 sunt;
598 1248 628 1299 ut
647 1241 751 1300 lumina
776 1257 834 1300 non
856 1242 938 1303 inter
957 1242 1094 1317 umbrae,

90 1323 329 1404 quemadmodum
351 1323 457 1384 Gicero
481 1323 567 1401 dicit,
589 1324 643 1385 sed
667 1325 761 1405 plane
774 1326 802 1384 in
824 1324 952 1385 tenebris
971 1324 1096 1386 clariora

89 1417 165 1469 sunt.
210 1409 311 1486 ltaque
333 1410 477 1485 ingeniosi
497 1418 656 1486 vocentur,
679 1418 710 1469 ut
724 1409 812 1484 libet,
837 1408 903 1469 dum
917 1418 1011 1471 tamen
1028 1425 1096 1469 ocn-

89 1501 165 1568 stet,
188 1492 398 1552 contumeliose
419 1494 463 1552 sic
483 1492 594 1554 laudari
609 1494 756 1553 disertum.
799 1492 991 1554 Nihilominus
1007 1491 1125 1557 conii-8

90 1577 206 1636 tendum
223 1585 267 1636 cst
283 1577 368 1636 etiam
382 1575 537 1637 detrahere
553 1579 712 1639 doctrinam
727 1577 852 1656 aliquid,
876 1587 907 1638 ut
933 1579 1027 1638 limam
1048 1595 1095 1637 ru·

89 1661 173 1721 dibus
189 1670 218 1720 et
233 1669 315 1720 cotes
331 1660 485 1721 hebetibus
500 1669 530 1720 et
541 1663 609 1720 vino
632 1670 819 1730 vetustatem
843 1661 895 1722 sed
913 1663 984 1722 vitia
1000 1661 1094 1722 detra·

90 1745 146 1820 hit,
164 1754 252 1823 atque
268 1762 304 1806 eo
320 1745 385 1805 solo
401 1747 493 1805 miuus
509 1753 570 1822 est,
587 1745 664 1824 quod
680 1745 794 1806 litterae
808 1744 1021 1825 perpoliemnt,
1037 1761 1095 1823 quo

89 1829 202 1889 melitis.
234 1829 343 1889 Verum
355 1830 384 1891 hi
401 1831 635 1907 pronuntiatione
652 1847 769 1908 quoque
784 1830 887 1890 lamam
903 1828 1019 1890 dicendi
1036 1828 1124 1892 ior-9
1183 1821 1186 1826 ¹

90 1915 146 1974 tius
169 1923 319 1991 quaerunt.
364 1911 437 1972 Nam
459 1920 488 1972 et
502 1912 625 1973 clamant
640 1912 748 1991 ubique
763 1922 792 1973 et
806 1913 901 1972 omnia
921 1915 1042 1988 lecolo,
1066 1919 1097 1970 ut

89 1999 146 2075 ipsi
160 2005 276 2073 vocant,
292 2014 385 2058 mono
401 1997 559 2074 emugiuut,
573 1996 663 2056 multo
678 1997 829 2072 discursu,
845 1996 991 2071 anhelitu,
1006 1998 1093 2057 iacta·

88 2083 168 2141 tione
191 2081 312 2158 gestus,
336 2089 414 2140 motu
433 2081 535 2160 capitis
553 2081 693 2141 furentes.
738 2080 798 2142 lam
819 2080 963 2142 collidere
985 2088 1138 2155 manus,1o

88 2174 186 2224 terrac
201 2165 305 2244 pedem
320 2166 461 2241 incutere,
477 2164 580 2242 lemur,
597 2175 711 2244 pectus,
730 2165 856 2226 frontem
870 2165 1007 2242 caedere,
1022 2166 1094 2224 mire

89 2249 125 2310 ad
140 2250 278 2328 pullatum
294 2249 433 2309 circulum
448 2251 530 2318 iacit;
557 2268 620 2310 cum
637 2250 689 2311 ille
704 2252 851 2326 eruditus,
874 2259 904 2310 ut
919 2253 947 2310 in
961 2251 1094 2310 oratioue

88 2333 177 2394 multa
197 2335 390 2409 summittere,
414 2335 543 2410 variare,
567 2335 740 2413 disponere,
762 2337 802 2395 ita
823 2336 909 2394 etiam
923 2337 951 2394 in
968 2349 1093 2413 pronun-

88 2417 186 2477 tiando
202 2435 283 2476 suurn
297 2420 403 2495 cuique
417 2433 533 2493 eornm,
557 2435 632 2496 quae
645 2420 738 2494 dicet,
763 2419 857 2479 colori
873 2417 1094 2479 accommodare

89 2508 185 2562 actum
198 2503 290 2576 sciat,
318 2509 363 2576 et,
386 2502 410 2560 si
433 2501 501 2579 quid
518 2501 555 2561 sit
575 2512 717 2582 perpetua
739 2502 945 2572 observatione
966 2502 1092 2577 dignum,

87 2581 238 2644 modestus
254 2592 283 2643 et
296 2601 364 2643 esse
379 2593 409 2643 et
425 2585 517 2644 videri
531 2585 619 2645 malit.
640 2645 643 2648 ,
657 2586 697 2646 At
712 2587 755 2647 illi
768 2587 843 2646 hane
857 2586 919 2646 cim
933 2583 1093 2662 appellant,
1103 2585 1134 2640 ll

89 2686 164 2748 quae
191 2677 237 2728 est
262 2669 359 2747 potius
384 2668 538 2737 violentia;
568 2687 632 2728 cum
654 2672 766 2730 interim
790 2686 848 2729 non
869 2663 986 2728 actor‘es
1006 2666 1092 2727 modo

88 2753 202 2831 aliquos
218 2753 347 2813 invenias
362 2753 433 2828 sed,
457 2753 534 2830 quod
555 2761 600 2811 est
619 2755 746 2831 turpius,
769 2761 980 2833 praeceptores
996 2753 1092 2829 etiam,

88 2838 138 2916 qui
152 2837 271 2898 brevem
287 2837 401 2899 dicendi
417 2837 656 2897 exercitationem
670 2837 830 2914 consecuti,
847 2838 953 2897 omissa
968 2837 1092 2914 ratione,

88 2929 120 2980 ut
132 2921 196 2983 tulit
211 2924 350 3002 impetus,
371 2923 479 3001 passim
493 2920 699 2981 tumultuentur
714 2939 836 3001 eosque,
853 2923 902 3000 qui
917 2921 983 3000 plus
1001 2921 1092 2981 hono·

88 3006 129 3065 ris
144 3004 249 3065 litteris
264 3006 439 3082 tribuerunt,
462 3007 579 3084 ineptos
600 3014 630 3065 et
651 3006 764 3067 ieiunos
780 3016 809 3067 et
824 3006 955 3084 trepidos
971 3014 1001 3066 et
1015 3005 1092 3066 inlin-

88 3103 170 3164 mos,
192 3097 224 3148 ut
246 3090 381 3171 quodque
404 3090 523 3151 verbum
539 3090 859 3151 contumeliosissimum
873 3089 1016 3164 occurrit,
1041 3103 1091 3165 ap·

88 3169 211 3251 pellent.
257 3173 365 3234 Verum
384 3175 442 3235 illis
464 3174 579 3253 quidem
607 3174 785 3252 gratulemur
805 3175 868 3234 sine
888 3173 1009 3247 labore,
1028 3171 1135 3232 sineru

88 3256 214 3332 ratione,
230 3258 293 3316 sine
308 3257 460 3336 disciplina
475 3258 609 3327 disertis;
627 3275 697 3335 nos,
718 3257 832 3338 quaudo
849 3265 879 3316 et
893 3253 1093 3335 praecipiendi

88 3357 190 3400 munus
212 3340 269 3400 iam
294 3339 405 3420 pridem
430 3341 580 3419 deprecati
607 3359 705 3403 sumus
732 3344 812 3403 etin
833 3336 1091 3417 loroquoquedi·

88 3424 189 3501 cendi,
213 3426 279 3504 quia
295 3423 527 3486 honestissimum
541 3425 626 3486 linem
640 3435 771 3506 putamus
785 3425 936 3498 desinere,
963 3421 1029 3483 dum
1042 3421 1104 3482 de·.

87 3507 297 3571 sideraremur:
310 3509 479 3589 inquirendo
496 3507 709 3589 scribendoque
723 3509 792 3572 talis
804 3507 989 3571 consolemur
1002 3508 1094 3569 udum

132 3613 200 3662 mr.
217 3613 329 3663 cuman.
920 3592 940 3654 6

1245 3537 1279 3624 d
