2608 3948
396 231 832 302 unsu.cnsuon.ms.1v,s.
1056 223 1116 290 187

110 387 249 449 excidere
264 388 394 464 soleant,
419 405 492 468 quae
510 391 711 468 promisimus,
738 399 782 466 et,
805 392 902 471 siqua
919 392 1115 471 impartiendo

111 473 318 551 praeterimus,
348 489 521 542 occurrere;
544 473 622 551 quod
645 473 762 553 quidem
782 475 886 534 nemini
907 476 1036 555 accidet,
1059 479 1115 539 nisi
1175 493 1176 498 ’

109 557 159 635 qul
179 557 266 634 plane
280 555 329 615 vel
344 555 426 616 nullo
442 555 529 616 luerit
550 557 667 633 ingenio
688 557 738 618 vel
759 557 795 618 ad
817 558 959 635 agentium
976 559 1048 620 nihil
1064 578 1114 622 eo·

107 641 191 718 gitati
205 638 466 718 praemeditatique
482 639 628 700 detulerit.
661 638 780 720 Alioqui
798 653 874 720 quae
890 650 947 702 tam
961 643 1144 711 manifestae

108 730 139 784 et
160 722 255 784 lucida
275 731 321 783 est
341 724 416 783 ratio
439 740 524 801 quam
544 733 645 784 rectae
666 722 850 804 partitionis?
887 727 1024 806 Sequitur
1039 730 1114 789 enim

107 815 238 867 naturam
253 805 373 881 ducem,
397 806 471 866 adeo
493 823 624 886 quoque,
646 817 676 867 ut
691 809 847 868 memoriae
866 807 895 869 ld
910 811 1061 870 maximum
1076 813 1115 872 sit

107 891 245 952 auxilium
259 892 306 951 via
321 890 508 951 dicendinon
523 891 680 951 decedere.
712 891 899 972 Quapropter
911 911 948 953 ne
964 894 1032 954 illos
1051 897 1113 973 qul·

108 974 176 1036 dem
196 973 398 1053 probaverim,
418 975 471 1056 qui
490 977 673 1054 partitionem
690 985 790 1036 vetant
809 977 884 1037 ultra
900 985 961 1038 tres
977 980 1113 1058 proposi-

107 1059 203 1119 tiones
221 1058 391 1120 exteudere.
422 1059 505 1134 Quae
522 1061 585 1119 sine
599 1058 705 1135 dubio,
725 1061 750 1118 si
764 1061 879 1119 nimium
895 1063 931 1120 sit
948 1061 1112 1141 multiplex,

108 1142 201 1220 lugiet
218 1144 385 1202 memoriam
405 1142 508 1204 iudicis
526 1151 556 1202 et
573 1141 700 1202 turbabit
713 1144 916 1214 intentionem;
937 1143 996 1204 boc
1017 1155 1114 1206 tamen

107 1240 227 1286 numero
241 1226 323 1287 velut
334 1225 404 1305 lege
418 1243 475 1286 non
491 1234 536 1286 εει
550 1224 705 1303 alliganda,
722 1243 786 1286 oum
801 1227 896 1306 possit
912 1243 1000 1288 causa
1012 1229 1112 1306 plures

106 1309 286 1371 desiderare.
323 1308 390 1371 Atta
411 1319 477 1369 sunt
496 1310 605 1387 magis,
634 1318 757 1389 propter
783 1327 857 1390 quae
879 1313 1033 1389 partitione
1055 1319 1143 1374 nont

107 1410 225 1472 semper
239 1395 276 1453 sit
289 1393 439 1453 utendum:
459 1395 590 1472 primum,
611 1395 677 1472 quia
692 1394 835 1474 pleraque
851 1395 979 1473 gratiora
994 1404 1071 1474 sunt,
1088 1397 1113 1456 ei

106 1479 223 1537 inventa
251 1474 346 1536 subito
372 1493 429 1536 nec
449 1475 535 1536 domo
556 1476 643 1538 allata
664 1477 716 1538 sed
736 1479 811 1538 inter
838 1479 990 1539 dicendum
1016 1498 1054 1540 ex
1079 1499 1112 1540 re

106 1563 172 1639 ipsa
189 1568 255 1621 nata
269 1560 430 1635 videantur,
446 1560 522 1620 unde
537 1560 588 1622 illa
602 1577 659 1620 non
672 1562 823 1642 iniucunda
836 1563 994 1641 schemata,
1009 1561 1113 1626 Poene

107 1645 224 1708 eccidit
243 1644 330 1720 mibi,
353 1651 382 1705 et
404 1641 539 1721 Fuperct
557 1662 620 1722 me,
648 1654 678 1705 et
698 1644 794 1708 Recte
814 1648 970 1709 admones.
1000 1645 1111 1725 Propo·

108 1729 171 1788 sitis
194 1730 269 1788 enim
291 1726 510 1807 probationibus
531 1731 622 1788 omnis
643 1730 672 1788 in
694 1728 837 1807 reliquum
857 1730 951 1806 gratia
973 1731 1111 1790 novitatis

107 1813 319 1892 praecerpitur.
346 1810 463 1871 interim
476 1828 549 1871 vero
566 1813 652 1872 etiam
663 1811 807 1872 fallendus
820 1821 865 1873 est
880 1811 968 1872 iudex
983 1822 1013 1872 et
1023 1815 1141 1876 variiso

107 1895 218 1956 artibus
239 1893 421 1972 subeundus,
443 1903 474 1954 ut
496 1894 572 1956 aliud
594 1895 642 1972 agi
664 1913 748 1975 quam
769 1896 847 1974 quod
867 1897 991 1974 petimus
1018 1904 1110 1975 putot.

106 1977 180 2039 Nam
193 1987 239 2040 est
252 1995 453 2058 nonnunquam
464 1977 535 2039 dura
550 1981 724 2058 propositio,
737 1979 814 2058 quod
829 1979 917 2039 iudex
932 1981 958 2039 si
973 1979 1110 2058 providit,
1167 2051 1173 2062 ,

106 2081 165 2123 non
181 2063 267 2124 aliter
282 2062 499 2142 praeformidat,
516 2080 600 2142 quam
616 2063 665 2143 qui
680 2063 787 2122 lerrum
800 2062 905 2123 medici
919 2065 1009 2143 prius,
1027 2082 1111 2142 quam

108 2155 240 2224 curetur,
264 2149 393 2226 aspexit:
418 2155 447 2206 at
464 2149 505 2224 si,
521 2156 708 2207 resonante
725 2147 892 2227 proposita,
917 2165 1051 2208 securum
1076 2165 1111 2208 ac

103 2229 185 2291 mulla
201 2231 414 2292 denuntiatione
435 2233 464 2290 in
482 2249 515 2291 se
535 2247 707 2291 conversum
726 2231 838 2292 intrarit
857 2233 966 2292 oratio:
989 2231 1109 2309 efficiet,

107 2313 187 2393 quod
213 2314 390 2394 promittenti
418 2332 475 2374 non
497 2315 674 2375 eraderetur.
721 2313 839 2375 Interim
860 2315 1031 2392 refugienda
1052 2325 1140 2380 nono

107 2397 195 2456 modo
217 2397 361 2458 distinctio
387 2397 586 2476 quaestionum
609 2397 731 2458 est·sed
751 2399 866 2457 omnino
890 2399 1040 2467 traotatio;
1067 2398 1110 2457 al·

108 2479 234 2541 lectibus
250 2480 406 2542 turbandus
421 2489 451 2540 et
466 2479 502 2540 ab
519 2483 677 2541 intentione
698 2480 873 2540 auferendus
892 2479 1014 2541 auditor.
1044 2477 1111 2540 Non

108 2563 185 2624 enim
206 2563 299 2624 solum
322 2565 446 2624 oratoris
467 2573 512 2623 est
533 2563 657 2640 docere,
680 2564 734 2624 sed
754 2563 820 2642 plus
843 2563 1010 2643 eloquentia
1031 2566 1110 2624 circu
1145 2609 1148 2626 .

107 2646 280 2708 movendum
294 2647 382 2708 valet.
418 2643 473 2707 Oui
487 2649 530 2707 rei
545 2648 690 2709 contraria
706 2657 751 2707 est
766 2648 888 2708 maxime
904 2649 999 2708 tenuis
1013 2647 1064 2708 illu
1080 2656 1112 2708 et

107 2731 283 2812 scmpulose
304 2733 333 2791 ln
354 2739 452 2811 partes
473 2739 554 2791 secta
577 2729 725 2790 divisionis
741 2730 890 2808 diligentia
912 2745 949 2791 eo
965 2740 1109 2811 ternpore,

106 2831 166 2896 quo
183 2817 376 2894 cognoscenti
389 2815 525 2876 indicium
541 2830 677 2874 conamur
692 2814 818 2875 auferre.
855 2812 953 2889 Quidl
975 2815 1053 2896 quod
1068 2815 1140 2880 iul

106 2901 202 2978 mrim,
220 2915 294 2980 quae
309 2919 365 2979 per
377 2917 412 2959 se
430 2897 506 2960 levia
522 2908 587 2959 sunt
601 2907 630 2959 et
642 2897 762 2976 iudrma,
780 2898 863 2960 turba
877 2897 996 2960 valenti
1024 2899 1109 2962 ldeo·

108 2997 166 3062 que
189 2983 375 3062 congerenda
396 2992 462 3043 sunt
481 2983 577 3062 potius
594 2991 628 3064 et
646 2982 727 3043 velut
744 2985 895 3064 eruptione
911 2984 1109 3063 pugnanduma

107 3065 188 3146 quod
202 3075 297 3126 tamen
309 3085 405 3128 rarum
420 3085 488 3128 esse
503 3066 591 3128 debet
611 3074 640 3128 et
655 3084 692 3126 ex
706 3070 881 3128 necessitate
898 3069 1026 3143 demum,
1045 3081 1109 3125 oum

108 3149 167 3209 boc
181 3150 291 3227 ipsum,
309 3151 386 3229 quod
401 3149 540 3211 dissimile
560 3152 663 3212 radoni
679 3160 740 3229 est,
757 3153 890 3229 coegerit
904 3151 988 3210 ratio.
1021 3149 1138 3212 Prae-8

107 3242 155 3293 ter
169 3231 244 3293 bueo
265 3235 294 3292 io
311 3235 387 3293 omni
400 3235 555 3312 partitione
571 3243 616 3296 est
629 3237 729 3315 utique
745 3236 852 3314 aliquid
867 3234 1108 3313 potentissimum,

108 3313 189 3397 qnod
205 3333 269 3376 oum
283 3316 390 3378 audivit
403 3316 507 3394 iudex,
528 3329 627 3379 cetera
646 3329 780 3398 tauquam
798 3335 831 3378 su
855 3333 979 3377 erracua
993 3317 1110 3393 gravari

108 3399 196 3461 solet.
213 3398 315 3480 Itaque
327 3401 352 3461 si
363 3400 447 3480 plura
458 3400 507 3461 rel
520 3402 683 3464 obiicienda
695 3409 759 3462 sunt
768 3401 817 3461 vel
829 3335 979 3462 lilueuda:
990 3408 1020 3460 et
1031 3400 1110 3460 utilis

109 3487 140 3544 et
152 3485 276 3547 monada
291 3483 408 3564 partitio
424 3493 480 3563 est,
496 3492 544 3563 ut,
560 3485 639 3565 quod
654 3501 771 3565 quaque
785 3483 822 3546 de
837 3500 871 3544 re
885 3483 989 3545 dicturi
1001 3501 1110 3562 sumus,

1193 3571 1294 3650 aa
