2570 3946
207 215 247 279 38
519 230 883 292 m.uuc.ouruvrn1nu1

207 383 331 445 Pollioni
345 384 458 463 placet,
478 403 533 448 nec
546 389 700 466 qiudiola,
716 388 794 464 atqui
809 385 936 446 Messala
951 385 1038 462 dixit,
1059 405 1115 448 nec
1128 405 1211 466 pcr-

207 469 389 544 ticidutum,
411 469 488 547 quod
507 472 534 530 in
552 468 652 532 (laelio
670 473 720 531 vix
740 469 895 531 tolerabile
916 470 1044 546 videtur,
1066 488 1122 531 nec
1143 473 1211 534 col-

206 555 253 614 los
272 552 338 611 milri
358 550 466 612 Calvus
487 560 680 633 persuaserit:
704 572 779 634 quae
799 572 854 614 nec
872 555 927 631 ipsi
943 555 997 614 iam
1014 554 1156 615 dicerent.

165 635 199 690 43
291 635 433 715 Superest
454 638 540 714 igitur
563 639 809 706 consuetudo;
833 655 895 697 nam
917 638 1004 698 luerit
1025 655 1120 716 paene
1139 639 1195 700 ridi

207 720 302 780 culum
317 720 404 781 malie
419 739 599 799 sermonem,
622 741 679 802 quo
696 724 785 786 locuti
804 724 860 782 sint
876 720 1022 798 homiues,
1047 740 1131 801 quam
1148 739 1209 801 quo

207 805 371 883 loquantur.
405 803 443 863 lut
464 823 534 867 sane
556 808 624 886 quid
646 817 691 867 est
713 806 789 866 aliud
804 813 890 867 vetris
903 825 1003 868 sermo
1017 824 1101 885 quam
1122 816 1209 867 vetus

207 887 345 965 loquendi
368 889 568 951 consuetudo?
606 891 665 952 Sed
686 890 753 951 lruic
772 892 828 969 ipsi
851 891 1047 950 necessarium
1070 899 1115 950 est
1136 890 1208 951 iudi·

207 974 297 1047 cium,
322 974 609 1054 constituendumque
631 977 659 1034 iu
680 976 778 1053 primis
799 977 827 1036 id
849 976 942 1052 ipsum
963 974 1031 1052 quid
1053 977 1105 1050 sit,
1129 975 1208 1053 quod

164 1054 443 1116 meonsnemdtnsm
468 1075 617 1119 vocemus.
656 1058 738 1132 Quae
760 1060 784 1118 si
806 1075 918 1134 exeo,
942 1059 1020 1136 quod
1042 1058 1142 1136 plures
1164 1058 1208 1118 ls-

207 1141 300 1215 ciunt,
320 1157 425 1200 nomen
443 1145 582 1221 accipiat,
608 1143 884 1222 periculosissimum
907 1141 985 1203 dabit
1004 1147 1207 1221 praeceptum,

205 1240 263 1283 non
285 1227 408 1285 orationi
428 1227 513 1287 modo
532 1227 585 1288 sed
609 1228 703 1307 (quod
719 1228 808 1286 maius
828 1228 888 1305 est)
906 1227 994 1285 vitae.
1028 1225 1111 1286 Unde
1133 1227 1208 1286 enim

205 1317 313 1368 tantum
336 1308 419 1383 boni,
443 1320 473 1370 ut
495 1311 625 1388 pluribus
649 1328 724 1389 quae
745 1318 826 1370 recta
845 1319 911 1369 suat
931 1307 1089 1387 placeant?
1116 1309 1208 1387 Igitur

206 1402 237 1450 ut
255 1390 326 1452 velli
347 1402 377 1451 et
398 1409 508 1452 comam
528 1396 555 1454 in
576 1395 683 1472 gradm
705 1393 842 1471 frangere
865 1395 943 1452 etin
965 1391 1077 1452 balneis
1099 1409 1205 1472 perpo-

206 1484 285 1549 tare,
309 1475 467 1552 quamlibet
482 1477 555 1538 haec
576 1481 732 1538 invaserint
752 1479 912 1552 civitatem,
934 1479 1064 1537 nouerit
1084 1493 1208 1537 consue·

206 1559 292 1633 tudo,
316 1561 382 1637 quia
403 1561 472 1620 nihil
488 1562 589 1622 borum
611 1571 691 1622 caret
711 1561 955 1640 reprehensione;
979 1570 1008 1621 at
1030 1561 1157 1621 lavamur
1179 1570 1208 1620 et

207 1643 358 1703 tondemur
379 1653 409 1704 ct
431 1648 607 1706 convivimus
630 1665 667 1706 ex
689 1646 912 1706 consuetudine:
932 1647 976 1705 sic
997 1648 1024 1705 in
1047 1643 1207 1722 loquendo,

206 1745 263 1785 non
292 1729 316 1787 si
339 1728 407 1805 quid
429 1730 535 1790 vitiose
557 1729 654 1790 multis
676 1729 830 1803 insederit,
858 1745 912 1807 pro
935 1728 1037 1806 regula
1064 1728 1208 1789 sermonis

162 1811 405 1889 ttaccipiendum
424 1817 488 1873 crit.
520 1813 608 1889 Nam,
630 1822 660 1873 ut
679 1823 839 1889 transeam,
862 1812 1099 1890 quemadmodum
1116 1812 1208 1891 vulgo

206 1897 331 1973 imperiti
352 1895 519 1974 loquantur;
540 1909 600 1959 tota
624 1917 714 1977 saepe
736 1897 847 1958 theatra
872 1905 901 1957 et
920 1913 1032 1956 omnem
1054 1898 1128 1958 circi
1147 1905 1205 1956 tur-

205 1978 270 2038 bam
290 1980 471 2042 exclamasse
492 1981 616 2043 barbare
638 1983 755 2042 scimus.
787 1979 868 2060 Ergo
888 1980 1125 2042 consuetudinem
1144 1998 1205 2040 ser·

205 2066 297 2122 monis
320 2065 434 2124 vocabo
453 2082 625 2127 consensum
641 2065 833 2141 eruditorum,
856 2067 932 2125 sieut
945 2064 1062 2125 vivendi
1083 2080 1206 2124 consen·

205 2161 267 2204 sam
288 2146 438 2207 bonorum.
901 2156 903 2162 '

288 2312 352 2373 vll.
398 2313 496 2391 Nunc,
526 2319 659 2395 quoniam
679 2318 819 2393 diximus,
843 2335 918 2395 quae
939 2318 976 2376 sit
997 2316 1135 2395 loquendi
1160 2335 1207 2376 re-

204 2397 288 2500 qula,
305 2398 468 2475 dicendum,
485 2417 559 2478 quae
575 2401 769 2460 scribentibus
785 2400 991 2476 custodienda,
1006 2400 1085 2479 quod
1102 2398 1207 2462 Graeci

204 2483 414 2561 ορθογραφίαν
431 2493 553 2557 vocant,
580 2502 633 2543 uos
655 2495 763 2546 recte
790 2484 981 2545 scribendi
1007 2485 1207 2544 scientiam

205 2568 391 2626 nominemus.
428 2566 517 2628 Cuius
533 2585 579 2627 ars
595 2584 653 2627 nou
668 2571 697 2628 in
711 2569 768 2629 hoc
785 2571 880 2648 posita
900 2578 961 2643 est,
980 2576 1011 2627 ut
1028 2568 1205 2642 noverimus,

205 2649 308 2728 quibus
323 2668 458 2730 quaeque
479 2651 590 2728 syllaba
607 2652 710 2713 litteris
726 2661 842 2714 constet
861 2653 940 2731 (nam
956 2652 985 2712 id
1002 2652 1117 2730 quidem
1132 2651 1207 2712 inlra

204 2737 381 2810 grammatici
398 2736 525 2796 cilicium
542 2739 603 2816 cst)
617 2738 670 2797 sed
684 2747 788 2813 totam,
807 2747 838 2797 ut
854 2754 918 2796 mea
937 2736 993 2796 lert
1009 2738 1120 2813 opinio,
1139 2734 1207 2794 sub-

181 2816 338 2879 tillitatem
360 2821 388 2878 in
414 2819 507 2879 dubiis
531 2820 628 2881 habet.
672 2821 710 2881 Ut
731 2823 827 2899 longis
851 2819 972 2895 syllabis
997 2819 1128 2880 omuibus
1156 2836 1206 2897 ap·

206 2917 318 2978 ponere
339 2904 450 2979 apicem
468 2904 674 2982 ineptissimum
694 2915 754 2981 est,
776 2906 843 2983 quia
863 2905 1004 2982 plurimae
1021 2912 1121 2965 natura
1143 2905 1207 2980 ipsa

207 2984 289 3044 verbi
312 2987 389 3064 quod
409 2987 543 3048 scribitur
564 2998 679 3066 patent:
709 2991 751 3048 sic
770 2989 882 3047 interim
906 2989 1120 3062 necessarium,
1142 3003 1207 3047 cum

207 3069 309 3130 eadem
331 3070 426 3131 littera
451 3071 537 3132 alium
558 3082 645 3152 atque
669 3072 753 3132 alium
774 3070 971 3146 intellectum,
994 3080 1081 3150 prout
1106 3088 1206 3130 corre-

205 3163 253 3230 pta
271 3155 319 3214 vel
338 3156 478 3233 producta
496 3165 558 3233 est,
579 3158 659 3232 lacit,
681 3166 721 3232 ut,
738 3157 838 3217 molus
855 3154 989 3216 arborem
1009 3154 1154 3232 significet
1171 3167 1208 3213 aa

181 3236 347 3298 ithnminem
364 3256 421 3299 uon
437 3241 557 3317 bonum,
578 3243 664 3320 apice
681 3240 878 3315 distinguitur;
899 3240 993 3318 palus
1009 3238 1087 3299 aliud
1107 3239 1207 3315 priore

204 3321 316 3395 syllaba
337 3324 424 3402 longa
441 3324 517 3386 aliud
533 3327 666 3403 sequenti
684 3323 840 3400 significan
863 3328 972 3383 etcum
990 3323 1091 3383 eadem
1109 3322 1207 3382 littera

205 3408 378 3467 nominativo
402 3425 470 3468 cumr
493 3409 608 3482 brevis,
637 3408 763 3468 ablativo
791 3407 879 3484 longa
901 3416 962 3481 est,
985 3415 1078 3466 utrum
1100 3422 1206 3484 sequa·

180 3489 280 3567 imur,
304 3491 475 3570 plerumque
497 3493 551 3552 lrac
573 3500 640 3550 nota
660 3491 793 3550 mouendi
816 3510 923 3550 sumus.
965 3489 1102 3550 Similiter
1123 3499 1208 3568 puta·
