2608 3948
201 215 260 276 160
515 223 879 284 rr.uue.nurnn1n1uu1

195 382 270 443 brec
283 397 395 457 genera
416 378 560 440 recidere.
591 376 663 438 Nem
678 379 703 438 si
717 377 841 440 indicem
857 377 1033 454 benivolum,
1051 385 1204 458 attentum,

196 465 321 526 docilem
342 463 454 525 beben:
478 461 546 541 quid
567 461 689 540 emplius
707 461 829 524 debeam
845 469 965 542 optare,
987 479 1044 522 non
1067 463 1203 542 reperic;

197 568 261 610 cum
278 549 468 626 motusipse,
492 547 540 626 qui
555 547 677 606 maxime
693 545 892 607 videturesse
909 555 992 607 extre
1007 546 1097 623 brec,
1115 555 1145 607 et
1159 555 1203 607 et·

197 641 307 694 tentum
321 631 445 692 iudicem
460 629 548 691 inciut
564 638 594 690 et
608 629 645 690 eb
662 629 787 692 adverso
809 630 912 691 iuuere
928 629 1087 692 deterrent.

155 725 189 778 ct
278 716 387 776 Verum
410 715 543 793 queniam
561 729 620 773 non
644 715 774 775 esteetis
789 714 990 776 demonstrare
1011 713 1203 791 discentibus,

197 819 272 880 quae
287 802 343 860 sint
358 801 386 859 in
401 799 514 858 retione
529 798 684 876 prooemii,
702 798 756 859 sed
772 799 925 859 dicendum
941 799 1037 875 etium,
1054 799 1202 878 quomode

197 884 299 963 pertici
315 882 454 944 iuciilime
469 883 600 961 possint:
620 881 679 943 hcc
696 882 817 960 adiicio,
841 891 872 943 ut
892 882 1020 943 dicturus
1046 884 1201 958 intucatur,

197 967 277 1045 quid,
294 966 369 1046 apud
387 983 483 1045 quem,
500 980 554 1046 pre
576 981 650 1045 quc,
669 973 770 1026 contre
787 983 888 1045 quem,
905 981 963 1046 quc
982 974 1126 1045 ternpore,
1144 982 1202 1045 quc

196 1050 282 1126 loco,
305 1067 363 1130 quc
386 1067 483 1110 rernm
507 1057 601 1126 stetu,
625 1067 681 1129 que
702 1049 783 1127 vulgi
799 1049 875 1112 ieme
891 1049 1043 1110 dicendum
1059 1051 1114 1126 sit,
1134 1048 1204 1129 quid

197 1135 322 1195 iudicem
337 1135 446 1195 sentire
462 1131 604 1196 credibile
620 1134 673 1210 sit,
698 1142 850 1213 antequam
868 1134 1037 1214 incipimus,
1059 1141 1118 1194 tum
1132 1131 1203 1212 quid

197 1217 395 1280 desideremus
411 1225 460 1279 eut
478 1217 681 1299 deprecemur.
716 1216 784 1296 ipse
798 1219 879 1279 iilum
894 1225 995 1279 nuturu
1011 1233 1047 1278 eo
1060 1217 1156 1293 ducet,
1172 1223 1204 1276 ut

155 1304 286 1379 succiet,
311 1302 379 1382 quid
399 1303 522 1381 primum
536 1299 688 1362 dicendum
709 1302 757 1360 sit.
787 1301 826 1362 tn
849 1319 923 1362 nnnc
939 1318 1041 1378 omne,
1060 1318 1118 1381 que
1134 1315 1203 1360 cce-

197 1395 318 1465 pernnt,
338 1387 517 1465 prooemium
532 1393 648 1462 putent,
674 1391 718 1459 et,
739 1393 771 1443 ut
786 1385 913 1464 quidque
926 1386 1086 1460 succurrit,
1102 1385 1203 1463 utique

200 1472 223 1528 si
245 1469 341 1548 alique
363 1469 506 1529 sententie
521 1466 692 1544 blandiatur,
717 1469 875 1529 exordium.
913 1467 1003 1530 diuite
1024 1476 1118 1530 eutem
1138 1467 1203 1527 sine

198 1551 285 1612 dubie
301 1560 366 1612 sunt
387 1561 416 1612 et
433 1551 496 1611 eiiis
512 1551 642 1631 partibus
659 1567 764 1611 cuusee
781 1553 956 1621 communie:
979 1552 1048 1612 nihii
1063 1561 1159 1612 temen
1174 1551 1203 1612 iu

198 1653 313 1716 queque
332 1635 436 1696 meiius
451 1635 565 1711 dicitur,
584 1652 669 1713 quum
687 1635 764 1714 quod
781 1653 876 1714 ecque
892 1636 968 1696 bene
986 1636 1043 1696 dici
1060 1634 1127 1696 alibi
1143 1650 1202 1694 ncn

155 1719 300 1800 tipcssit.
338 1715 458 1781 diuitum
474 1720 587 1796 gratius
603 1718 727 1778 exordio
744 1728 805 1796 eet,
828 1720 906 1798 quod
922 1719 957 1780 eb
975 1721 1090 1781 actione
1107 1718 1202 1779 diver-

199 1821 249 1864 see
265 1804 356 1882 pertis
370 1804 519 1865 materiam
535 1801 635 1870 trehit;
659 1801 717 1861 hcc
735 1803 817 1882 ipso,
835 1802 914 1883 quod
935 1819 993 1863 non
1009 1804 1201 1882 compositum

198 1887 274 1948 demi
295 1886 348 1948 sed
369 1886 409 1947 ibi
431 1894 518 1965 etque
541 1903 579 1946 ex
599 1903 631 1946 re
647 1893 743 1946 netum
766 1895 795 1947 et
818 1887 958 1949 facilitate
974 1887 1078 1949 iemnrn
1094 1885 1203 1964 ingenii

199 1979 287 2048 auget
314 1978 344 2031 et
364 1971 440 2032 fecie
468 1969 608 2048 simplicis
636 1972 801 2050 sumptique
829 1989 867 2031 ex
895 1973 1028 2050 proxime
1059 1969 1202 2031 sermonis
1290 1969 1291 1974 ’

199 2055 284 2115 iidem
302 2069 420 2134 queque
441 2054 580 2133 acquirit;
602 2053 677 2114 adeo
693 2061 740 2131 ut,
765 2055 877 2115 etiamsi
901 2055 1014 2133 relique
1031 2054 1142 2132 scripte
1161 2061 1202 2115 et·

141 2175 143 2184 x
199 2156 255 2216 que
271 2136 422 2197 eleborute
437 2138 509 2213 sint,
526 2145 622 2198 temen
636 2137 808 2217 pierumque
826 2137 958 2197 ridentur
972 2144 1033 2196 tcta
1050 2143 1200 2216 extempo·

199 2220 268 2280 ralis
290 2221 400 2295 cretio,
425 2221 507 2280 cuius
528 2221 636 2281 initium
658 2219 728 2281 nihil
748 2220 914 2299 praeparati
931 2219 1069 2281 habuisse
1083 2221 1202 2282 munite·

158 2305 272 2365 eentum
292 2312 346 2363 est.
385 2303 631 2384 Frequentissime
654 2319 726 2364 vero
748 2303 930 2381 prooemium
951 2302 1070 2365 decebit
1092 2314 1121 2365 et
1136 2322 1203 2365 sen·

197 2388 350 2449 tertiarum
366 2395 396 2449 et
410 2389 629 2469 compositionis
645 2397 675 2448 et
691 2387 774 2447 vocis
790 2395 821 2447 et
836 2386 933 2447 vuitus
950 2387 1110 2465 modestia,
1128 2388 1203 2448 adeo

199 2481 230 2533 ut
246 2473 275 2532 in
290 2489 402 2550 genere
419 2473 525 2535 ceusee
542 2474 628 2534 etium
644 2469 824 2532 indubitabili
837 2469 942 2533 iiducie
958 2489 991 2532 se
1008 2471 1072 2552 ipsu
1088 2473 1203 2532 nimium

200 2574 326 2618 exerere
341 2572 398 2616 nen
414 2556 528 2618 debent.
570 2554 637 2616 Odit
658 2556 733 2616 eninr
757 2555 845 2616 iudex
858 2555 923 2617 iere
938 2554 1076 2633 litigantis
1092 2555 1203 2617 securi·

199 2649 305 2716 tutem,
331 2657 453 2720 cumque
469 2642 512 2700 ius
529 2656 610 2700 suum
626 2638 785 2717 intelliget,
808 2639 914 2699 tacitus
936 2640 1132 2700 reverentiam
1150 2655 1202 2718 po·

157 2723 315 2783 sectetur.»
336 2721 400 2784 Nec
413 2725 505 2784 minus
522 2724 694 2801 diiigenter,
719 2741 756 2784 ne
772 2724 902 2802 suspecti
926 2724 1015 2783 simus
1032 2721 1091 2784 ulie
1107 2731 1203 2802 perte,

199 2807 358 2875 vitandum3
376 2816 497 2888 propter
516 2808 595 2888 quod
617 2809 731 2868 minime
747 2807 887 2868 estenteri
903 2806 991 2868 debet
1007 2808 1037 2866 Ιιι
1053 2807 1203 2886 principiis

201 2907 286 2968 cure,
311 2891 378 2970 quie
400 2891 515 2952 videtur
536 2909 583 2953 nrs
607 2892 698 2952 omnis
723 2891 846 2952 dicentis
864 2899 966 2951 contre
980 2890 1106 2952 iudicem
1123 2890 1203 2952 ndbi·

157 2973 273 3034 tiberi.
313 2974 373 3035 Sed
397 2976 490 3055 ipsum
513 2975 589 3036 istud
611 2976 720 3035 enitere
743 2990 872 3033 summae
898 2975 966 3035 artis
985 2983 1039 3034 est.
1080 2973 1152 3034 Nem
1174 2972 1204 3034 id

200 3059 262 3119 eine
286 3057 372 3120 dubio
396 3058 435 3119 eb·
456 3057 587 3118 omuibus
610 3067 639 3118 et
654 3047 778 3137 'quidem
801 3057 909 3136 optime
933 3067 1123 3138 praeceptum
1141 3063 1201 3126 est;

199 3159 300 3202 verum
322 3143 504 3222 aliquetenus
519 3150 681 3220 temporum
703 3140 877 3201 condicione
892 3149 1033 3220 mutetur,
1057 3143 1123 3221 quin
1146 3141 1203 3201 ium

200 3224 371 3306 quibusdem
392 3227 420 3285 in
444 3225 556 3286 iudiciis
577 3224 757 3304 meximeque
777 3224 947 3304 capituiibus
967 3234 1015 3286 eut
1036 3225 1113 3306 apud
1134 3242 1202 3285 cen·

199 3310 339 3369 tumvircs
355 3309 410 3388 ipsi
426 3308 537 3369 iudices
555 3308 674 3387 exigunt
691 3307 831 3368 sellicitus
849 3317 878 3370 et
894 3316 1045 3371 eccurutns
1058 3309 1202 3384 notiones,

200 3392 404 3470 contemnique
426 3409 476 3468 se,
497 3392 552 3452 nisi
574 3393 603 3452 in
626 3391 749 3454 diceudo
775 3392 861 3455 etiem
882 3392 1030 3471 diligentie
1049 3399 1201 3472 apparent,

158 3475 339 3552 becreduut,
358 3490 414 3536 nec
435 3475 537 3555 duceri
561 3483 668 3538 tentum
692 3477 745 3539 sed
763 3478 848 3538 etiem
865 3477 1006 3540 delectari
1020 3475 1130 3537 volunt.
1163 3472 1203 3536 Et
