2570 3946
177 217 221 284 ιι
500 215 863 274 amnemamnem

205 373 249 426 ΑΝ
268 370 413 426 ORATOR!
430 370 561 424 wdone
576 368 783 422 NECESSARIA
800 367 853 420 Sl'i'
871 368 1014 422 PLUlllUll
1032 344 1158 424 aurioli

602 451 765 506 coemtio.

267 548 303 609 Χ.
339 549 420 609 llaec
435 549 471 610 de
490 548 698 623 Grammatico,
720 565 804 626 ῳιιιιι
822 546 993 607 brevissime
1011 549 1109 626 potui,
1130 565 1191 606 non

182 643 214 694 ut
233 633 327 694 omnia
345 633 474 692 dicerem
492 641 637 708 sectatus,
657 630 734 710 quod
752 631 889 690 inlinitum
906 640 985 706 erut,
1009 630 1062 691 sed
1081 640 1112 691 ut
1128 649 1190 690 ma·

182 719 260 779 xime
281 716 464 784 necessaria;
488 732 563 776 nunc
580 715 616 774 de
639 716 780 774 ceteris
803 714 963 790 artibus,
986 714 1089 798 quibus
1107 715 1189 774 insti·

183 801 324 875 tuendos,
345 800 511 878 priusquam
527 799 637 860 rhetori
652 800 816 874 tradantur,
835 813 943 876 pueros
959 791 1105 873 existimo,
1121 799 1189 857 stri·

184 888 251 946 otim
278 883 465 962 subiungam‚
495 892 525 942 ut
552 881 696 943 eiiiciatur
719 881 800 941 orbis
825 881 877 942 ille
905 883 1072 957 doctrinae,
1102 895 1188 960 quam

184 967 288 1029 Graeci
311 966 455 1046 ἔγκυκλον
469 966 607 1042 mardelco
627 975 762 1027 vocant„

156 1059 175 1128 9
269 1050 343 1111 Nom
365 1052 466 1112 iisdem
488 1050 552 1111 iere
577 1052 657 1111 annis
680 1050 799 1110 aliamm
827 1067 944 1128 quoque
971 1049 1188 1128 disciplinarum

186 1137 279 1197 studia
302 1136 489 1214 ingredienda
509 1144 589 1211 sunt,
615 1153 707 1214 quae,
731 1135 797 1212 quia
821 1143 849 1192 et
873 1135 956 1213 ipsae
975 1142 1054 1194 artes
1074 1142 1189 1194 suntet

185 1239 252 1280 esse
274 1219 425 1298 perfectae
448 1222 511 1279 sine
534 1219 634 1279 orandi
658 1219 778 1278 scientia
802 1227 924 1296 possunt
944 1237 999 1278 nec
1025 1232 1125 1278 rursus
1149 1219 1187 1278 ad

185 1304 368 1365 efficiendum
384 1314 531 1364 oratorem
549 1305 618 1363 satis
637 1303 734 1362 valent
753 1301 853 1362 solae:
880 1321 916 1362 an
936 1305 992 1362 sint
1013 1301 1080 1363 lruic
1102 1304 1186 1380 operi

160 1390 388 1463 snccessurae,
416 1385 573 1466 quaeritur.
612 1385 791 1464 Numquid,
816 1387 962 1464 inquiunt,
986 1386 1021 1447 ad
1044 1386 1187 1462 agendam

185 1491 301 1534 oausam
318 1471 508 1532 dicendumve
525 1471 697 1530 sententiam
716 1471 858 1548 pertinet,
882 1473 976 1548 seire,
1000 1470 1186 1548 quemadmo-

185 1555 249 1618 dum
274 1557 339 1616 dato
362 1555 438 1616 linea
460 1555 595 1614 constitui
612 1554 755 1632 triangula
773 1555 875 1633 aequis
895 1553 1034 1615 lateribus
1052 1551 1187 1632 possint?

184 1638 243 1700 Aut
264 1655 322 1719 quo
345 1639 447 1699 melius
469 1639 517 1699 vel
538 1638 676 1699 deiendet
698 1655 779 1698 reum
799 1639 847 1697 vel
867 1647 953 1716 reget
975 1638 1113 1713 consilia,
1137 1639 1186 1715 qui

160 1724 313 1787 aeitharae
335 1741 425 1783 sonos
446 1721 606 1784 nominibus
629 1731 658 1782 et
676 1723 777 1800 spatiis
796 1719 979 1783 distinxerit?
1009 1721 1188 1782 Enumerent

185 1809 269 1869 etiarn
293 1808 419 1876 sortasse
443 1808 549 1868 multos
577 1805 734 1885 quamlibet
756 1806 842 1866 utiles
859 1807 942 1883 loro,
967 1808 1015 1885 qui
1035 1819 1090 1865 nec
1112 1821 1184 1883 geo·

184 1902 295 1952 metron
318 1893 459 1952 audierint
482 1911 537 1953 nec
562 1893 691 1952 musicos
715 1892 769 1950 nisi
793 1890 848 1952 hac
871 1891 1013 1951 communi
1033 1889 1186 1968 voluptate

184 1978 292 2037 aurium
307 1976 478 2054 intelligant
503 1976 613 2051 Quibus
628 1993 685 2053 ego
700 1977 821 2054 primum
835 1975 892 2035 hoe
907 1974 1090 2062 respondeo,
1107 1973 1184 2050 quod

183 2059 221 2119 ill
243 2057 349 2120 (licere
367 2061 478 2138 scripto
497 2061 532 2120 ad
547 2061 663 2120 Brutum
678 2059 754 2120 libro
770 2055 950 2137 frequentius
968 2066 1106 2132 testatur,
1127 2073 1185 2116 non

184 2160 249 2202 enm
272 2159 289 2201 ι
310 2142 393 2202 nobis
416 2145 523 2204 institui
546 2153 710 2218 oratorem,
733 2144 782 2221 qut
800 2145 837 2202 sit
853 2151 901 2202 unt
918 2143 1022 2218 inerit,
1044 2139 1125 2202 sed'
1115 2157 1185 2198 rma-

183 2228 280 2305 ginem
298 2226 440 2325 quandam
455 2227 630 2306 concepisse
644 2243 699 2287 nos
717 2226 809 2286 a'nimo
826 2227 951 2305 perlecti
967 2186 1044 2286 ἰιιιιιι
1061 2233 1090 2285 et
1104 2223 1185 2284 nullu

159 2319 268 2389 operte
290 2311 441 2370 cessantis.
473 2310 545 2372 Nam
569 2319 598 2370 et
619 2312 778 2389 sapientem
795 2310 953 2372 formantes
976 2327 1056 2386 eum,
1079 2309 1128 2388 qui
1147 2309 1186 2367 sit

183 2395 295 2455 iuturus
320 2404 532 2456 consummatus
555 2394 681 2472 undique
707 2403 752 2471 et,
779 2403 809 2454 ut
831 2396 944 2471 dicunt,
968 2392 1098 2454 mortuiis
1121 2393 1184 2470 qui-

183 2479 247 2540 dam
270 2477 360 2554 deus,
385 2495 443 2538 non
460 2479 558 2538 modo
569 2480 737 2556 cognitione
761 2479 932 2540 coelestium
953 2478 1003 2538 vel
1021 2476 1185 2537 mortalium

183 2571 283 2643 putant
306 2563 519 2649 instruendum,
542 2561 593 2622 sed
615 2581 669 2642 per
688 2562 828 2662 quaedum
848 2579 938 2642 parva
960 2579 1048 2637 sane,
1071 2561 1095 2620 si
1120 2560 1184 2638 ipsa

183 2648 296 2707 demum
320 2640 474 2724 aestimes,
502 2647 609 2708 ducunt
631 2648 706 2707 sicut
727 2647 886 2725 exquisitas
907 2647 1020 2706 interim
1040 2605 1184 2720 ’ambigui-

183 2739 274 2798 tates:
302 2747 360 2790 non
381 2733 446 2810 quia
466 2732 628 2794 ceratinae
648 2740 697 2791 out
718 2733 926 2793 crocodilinae
947 2730 1061 2809 possint
1083 2728 1185 2788 lacere

183 2815 361 2892 sapientem,
386 2815 438 2874 sed
460 2816 528 2893 quia
550 2815 629 2875 illum
651 2833 687 2876 ne
712 2816 739 2874 in
763 2816 883 2875 minimis
905 2814 1023 2892 quidem
1046 2818 1185 2892 oporteat

158 2897 254 2958 otalii.
281 2897 419 2958 Similiter
438 2908 599 2975 oratorem,
622 2902 671 2977 qui
689 2899 777 2961 debet
795 2917 864 2960 esse
882 2899 1015 2977 sapiens,
1036 2913 1094 2956 non
1110 2911 1184 2972 geo·

183 2990 291 3042 meires
308 2981 397 3042 faciet
416 2990 463 3042 aut
484 2985 610 3044 musicus
629 3001 763 3063 quaeque
784 2984 828 3043 his
847 2983 903 3044 alia
922 2981 1108 3058 coniungam,
1129 2978 1184 3038 sed

182 3065 238 3126 luae
256 3081 373 3144 quoque
391 3075 484 3144 artes,
503 3069 587 3127 utsii
607 3075 829 3141 consummatus,
848 3066 993 3128 iuvabunt.
1025 3063 1088 3124 Nisi
1106 3063 1184 3122 iorte

184 3149 329 3212 antidotos
359 3149 473 3228 quidem
503 3160 590 3232 atque
617 3151 689 3228 elia,
721 3169 794 3229 quae
823 3150 917 3210 oculis
942 3160 990 3210 ant
1013 3144 1184 3208 vulneribus

183 3233 349 3310 medentur,
373 3253 410 3294 ex
432 3235 528 3296 multis
550 3245 638 3316 atque
661 3235 772 3295 interim
796 3235 947 3294 contrariis
969 3231 1087 3313 quoque
1109 3231 1186 3290 inter

184 3335 217 3377 se
239 3317 390 3379 effectibus
414 3322 549 3399 componi
567 3321 713 3395 videmus,
740 3333 861 3397 quorum
884 3335 921 3377 ex
937 3317 1061 3379 diversis
1080 3316 1111 3376 iit
1127 3333 1185 3374 una

183 3400 232 3461 illa
255 3403 394 3481 mixtura,
419 3423 494 3504 quae
516 3403 586 3463 nulli
612 3419 711 3462 eorum
732 3402 913 3477 similiaco,
937 3400 1041 3480 quibus
1057 3408 1185 3472 constat,

157 3485 235 3552 ised
266 3488 401 3566 proprias
427 3489 505 3548 vires
534 3503 571 3545 ex
602 3484 731 3545 omnihus
758 3487 856 3553 sumit;
888 3495 918 3545 et
945 3494 1022 3545 muta
1050 3444 1186 3544 animalia}
