2570 3946
369 225 460 276 inse.
480 227 630 279 oniscon.
643 229 712 279 ute.
725 231 753 277 11
761 263 770 297 ,
787 229 813 282 3.
1065 225 1106 289 63

94 393 165 460 mm,
181 381 299 442 interim
313 383 380 462 qcia
396 383 512 442 omnino
529 385 726 462 nonpossint.
766 383 832 462 ligo
854 402 944 464 porro
968 397 1033 448 enin
1051 390 1131 468 quio

91 467 165 528 nott
180 468 209 526 in
223 479 345 527 numero
362 465 604 546 praecipientium
619 480 677 528 nou
691 468 805 544 habeo,
821 483 913 548 posse
926 479 1023 532 autem
1040 490 1097 533 nua-

92 554 187 628 ιιιιιιο,
210 553 235 610 si
251 545 339 627 velit,
361 553 499 630 optimum
521 567 666 630 quemque
683 552 842 623 contendo;
860 555 996 632 primunr,
1021 555 1099 636 quod

92 655 173 711 eune,
187 635 241 714 qni
257 635 425 714 eloquentia
441 637 548 695 ceteris
564 645 710 714 praestet,
732 636 783 698 illa
797 647 932 716 proque,
955 651 1099 720 perpure

92 721 128 782 ad
144 720 342 799 eloquentiam
358 720 542 798 pervenitur,
564 719 786 797 diligentissime
807 725 980 801 percepisse
1005 724 1097 785 credi-

90 805 150 864 bile
167 812 228 872 est;
253 802 373 880 deiude,
397 803 463 882 quia
479 800 631 882 plurimum
651 793 680 864 in
693 805 903 885 praecipiendo
919 808 998 868 valet
1012 810 1131 886 ratio,6

91 899 170 968 quite
191 886 361 948 doctissimo
387 889 492 966 cuique
508 887 675 967 planissima
691 897 751 958 estc
774 899 940 969 postremo,
966 887 1032 970 quia
1048 911 1097 952 ne-

90 987 139 1034 ruo
154 973 198 1032 sic
214 971 243 1032 iu
257 971 413 1032 maioribus
434 973 557 1048 eminet,
579 981 610 1032 ut
633 986 699 1034 eum
719 975 831 1035 minora
853 975 998 1036 deliciunt.
1035 968 1098 1036 nm

90 1057 169 1118 iente
183 1055 290 1116 lovem
300 1055 415 1135 quidem
431 1055 546 1118 Phidias
559 1057 668 1136 optime
685 1058 767 1135 iecit,
783 1058 834 1119 illa
851 1068 957 1134 nutem,
977 1071 1052 1139 quae
1069 1062 1098 1120 in

91 1149 289 1202 ornamentum
306 1142 406 1220 operis
430 1141 493 1200 eius
509 1140 668 1218 accedunt,
686 1141 759 1202 alins
774 1143 878 1202 melius
896 1142 1096 1213 <statonicem

90 1233 140 1288 sut
154 1233 255 1286 oiston
269 1225 349 1304 loqui
365 1227 492 1294 nesciam
510 1234 559 1285 aut
576 1225 704 1285 leviores
716 1226 835 1286 morbos
850 1243 955 1286 curare
972 1239 1029 1288 non
1044 1243 1097 1307 po·

90 1310 158 1370 terit
173 1311 439 1390 praestantissimus
455 1309 596 1370 medicus.

179 1392 255 1467 Quid
271 1389 367 1470 ergo?
388 1409 447 1452 nou
468 1402 513 1453 est
530 1394 671 1473 quaedam
692 1393 860 1474 eloquentia
880 1396 986 1470 maior,
1012 1399 1127 1476 quami

91 1487 123 1537 ut
141 1491 208 1537 earu
227 1476 378 1537 intellectu
400 1479 543 1556 consequi
563 1477 684 1556 puerilis
706 1479 853 1540 infirmitas
875 1477 992 1559 possut?
1029 1479 1096 1558 Ego

91 1573 165 1622 vero
181 1560 334 1638 confiteor,
351 1560 489 1620 disertum
507 1567 732 1640 praeceptorem
744 1563 915 1642 prudentem
931 1575 1049 1644 qnoque
1067 1573 1098 1624 et

91 1661 150 1706 non
173 1646 303 1722 ignarum
326 1643 450 1705 docendi
479 1662 547 1704 esse
578 1654 732 1724 oportere,
763 1649 984 1708 summittentem
1007 1667 1040 1710 se
1062 1647 1098 1709 ad

91 1739 254 1790 mensutam
277 1729 429 1798 discentis;
451 1737 483 1789 ut
499 1728 702 1790 velocissimus
726 1733 865 1812 quisquc,
890 1734 914 1791 si
939 1733 1016 1794 iorte
1042 1733 1098 1792 iter

92 1831 157 1874 carm
172 1814 296 1896 parvulo
312 1814 418 1889 iaciat,
443 1814 493 1873 det
507 1831 621 1873 manum
642 1822 672 1874 et
686 1815 807 1892 mudum
823 1833 905 1876 scam
920 1817 1027 1876 minuat
1042 1834 1097 1876 nec

92 1897 235 1976 procedet
250 1897 336 1973 ultra,
354 1903 439 1976 quarn
455 1913 555 1956 comes
573 1899 677 1976 possit.
709 1895 805 1972 Quid?
821 1900 845 1958 si
860 1900 1032 1978 plerumque
1048 1903 1130 1960 ιιι-8

92 1981 177 2056 cidit,
199 1989 231 2040 ct
252 1981 385 2042 faciliora
406 1982 465 2040 sint
485 1979 521 2041 ad
545 1980 764 2059 intelligendum
786 1983 979 2044 etlucidlora
995 1982 1096 2060 multo,

92 2081 169 2145 quae
184 2082 201 2124 a
218 2065 387 2126 doctissimo
405 2078 524 2146 quoque
539 2063 696 2126 dicuntur?
727 2065 799 2127 Nam
821 2075 854 2126 et·
866 2068 958 2145 prima
973 2075 1019 2127 est
1034 2067 1097 2127 elo·

92 2150 227 2228 quentiae
239 2150 333 2210 intas
351 2151 556 2229 perspicuitas,
574 2157 603 2210 et
618 2165 677 2230 quo
694 2151 757 2231 quis
773 2152 890 2229 ingenio
902 2153 993 2211 minus
1006 2152 1095 2226 valet,

12 2243 15 2247 “
91 2233 150 2294 ltoc
165 2249 199 2293 se
214 2235 307 2311 magis
325 2235 462 2296 attollere
478 2243 508 2294 et
523 2234 647 2295 dilatare
662 2245 797 2304 conatum
816 2243 846 2296 ιι
863 2244 973 2296 statura
990 2235 1096 2296 breves
1120 2310 1123 2316 Ι

92 2319 244 2394 indignos
260 2319 410 2396 eriguntur
431 2325 461 2378 et
484 2318 568 2397 plora
585 2317 688 2378 infirmi
703 2321 853 2380 minantur.
884 2319 958 2381 Nam
973 2317 1130 2380 tumidosi

92 2409 123 2461 et
140 2410 295 2479 cornuptos
313 2410 344 2462 et
356 2402 482 2463 nuncios
499 2411 528 2462 et
540 2417 715 2481 quocunqne
731 2405 789 2464 alio
806 2405 974 2465 cacozeliae
986 2397 1104 2482 genere'

92 2492 271 2564 peccantes,
300 2494 411 2546 certum
425 2486 538 2560 habeo,
560 2501 618 2545 non
637 2489 740 2547 uirium
764 2487 817 2547 sed
840 2487 1010 2547 infirmitatis
1026 2489 1096 2547 vitio

91 2567 248 2644 laborare,
270 2575 302 2628 ut
317 2579 442 2648 corpora
459 2584 517 2628 non
531 2569 639 2629 actore
655 2571 708 2630 sed
723 2571 890 2631 valetudine
912 2571 1046 2630 inllautur
1068 2579 1097 2630 et

91 2661 176 2713 recto
199 2653 303 2712 itinere
326 2652 397 2713 lassi
425 2654 599 2731 plerumque
630 2654 792 2714 devertunt.
832 2653 897 2714 linit
917 2668 990 2732 ergo
1011 2655 1097 2714 etiam

93 2737 263 2814 obscurior,
280 2746 339 2816 quo
356 2738 481 2817 quisque
500 2737 638 2796 deterior.

176 2819 242 2882 Non
263 2821 373 2882 excidit
394 2819 478 2896 milri,
506 2821 664 2898 scripsisse
688 2837 733 2880 me
755 2823 784 2880 iu
804 2818 878 2882 libro
900 2824 1013 2902 priore,
1035 2835 1142 2888 crinio

92 2906 238 2984 potiorem
262 2908 291 2966 iu
312 2905 423 2966 scholis
445 2905 634 2966 eruditionem
658 2921 725 2965 esse
749 2922 834 2984 quam
854 2906 932 2968 domi
956 2908 1094 2983 dicerem,

92 2989 229 3050 libentius
245 3009 278 3050 se
294 2992 385 3071 prima
400 2991 494 3050 studia
509 2999 686 3070 tenerosque
698 2991 848 3069 proiectus
861 2992 896 3053 ed
911 2993 1097 3052 imitationem

93 3073 376 3152 condiscipulorum,
400 3093 475 3154 puae
493 3075 608 3136 facilior
624 3083 720 3151 esset,
742 3077 875 3154 θήρεια
904 3076 982 3155 quod
999 3093 1015 3134 a
1031 3075 1093 3152 qui·

92 3155 213 3215 busdam
231 3159 274 3216 sic
290 3161 383 3238 accipi
399 3167 513 3237 potest,
537 3168 671 3239 torquem
687 3159 777 3236 haec,
801 3175 886 3238 quem
908 3174 984 3218 nunc
1000 3167 1094 3231 tueor,

93 3241 237 3300 sericinis
253 3243 342 3319 priori
359 3243 475 3303 diversa
498 3244 543 3302 sii.
583 3242 615 3303 ld
633 3262 649 3303 a
664 3260 710 3303 rne
726 3245 831 3323 procul
847 3243 955 3311 aberit;
973 3251 1137 3318 nampuett
1176 3299 1178 3303 .

93 3341 129 3384 ea
146 3341 235 3384 causa
251 3326 301 3385 vel
316 3327 439 3387 maxima
455 3337 518 3401 est,
536 3345 588 3387 cur
606 3329 715 3405 optimo
733 3329 838 3406 cuique
856 3325 1044 3404 praeceptori
1059 3324 1097 3384 sit

93 3408 250 3469 medendus
267 3423 358 3488 puer,
384 3408 462 3488 quod
478 3410 553 3488 apud
571 3429 635 3471 eum
651 3411 786 3488 discipuli
802 3424 920 3490 quoqne
933 3409 1038 3470 ¹mellus
1055 3409 1095 3468 iu·

92 3493 183 3553 stituti
200 3501 248 3555 ant
263 3493 376 3572 dicent,
399 3493 476 3573 quod
492 3493 591 3556 inutile
612 3509 670 3556 non
693 3495 730 3556 sit
752 3494 872 3571 inuitari,
896 3501 961 3572 aut,
986 3491 1095 3574 siquid

1219 3539 1274 3640 A
