2608 3948
325 243 328 246 .
409 198 500 247 ruer.
514 197 665 248 caenon.
680 200 750 248 ura.
764 197 846 266 aaa.
1066 193 1124 256 173

212 352 266 415 llln
281 370 398 436 quoque
419 362 450 413 ιιι
469 353 625 415 narrationi
642 362 710 432 apta
731 353 770 414 ita
787 370 851 413 cum
873 358 979 418 ceteris
996 358 1170 437 partibnsoe

128 432 287 499 communis
314 446 359 498 cst
384 439 492 514 virtuts,
526 450 611 516 quam
635 433 825 497 Theodectes
847 438 914 499 lanio
935 441 982 500 uni
1007 444 1127 521 proprie

126 520 221 590 dedit:
250 538 308 582 non
332 521 407 580 enim
427 521 609 598 magnificam
630 520 717 581 inodo
740 520 802 580 vult
824 539 892 582 esse
916 541 1017 584 verum
1041 526 1128 586 etiam

129 606 280 668 iucundam
301 605 523 684 expositionem.
556 606 629 666 Sunt
651 606 700 684 qui
721 604 856 666 adiiciant
875 605 921 666 liis
943 607 1125 686 evidentiam,

128 706 204 768 quae
221 683 356 770 ἐνάργεια
373 686 485 749 Graece
500 697 631 749 vocatu.
660 687 763 768 Neque
780 705 838 766 ego
852 705 1023 771 quemquam
1039 693 1169 760 dece-64

127 775 237 852 perim,
262 782 294 832 ut
313 772 508 850 dissimulem,
527 773 662 835 Ciceroni
684 787 800 852 quoque
820 773 920 852 plures
942 785 1041 854 partes
1064 777 1126 855 pla·

128 873 207 916 cere.
243 854 331 929 Nam,
356 865 559 935 praeterquam
573 856 695 935 :planam
716 864 747 915 et
761 855 882 920 breuem
905 868 935 920 et
956 860 1127 922 credibilem

125 939 189 1000 vult
206 957 273 1000 esse
290 939 469 1016 evidentem,
490 947 646 1017 moralem,
668 959 732 1000 curn
751 940 911 1019 dignitate,
931 943 997 1004 ,Sed
1012 946 1041 1003 in
1061 961 1125 1010 ora-

126 1024 205 1083 tione
219 1032 330 1085 morata
351 1023 459 1085 dehent
477 1043 548 1084 asse
568 1027 664 1086 emnia
684 1043 748 1085 curn
763 1024 921 1104 dignitate,
945 1044 1020 1105 qnae
1042 1037 1125 1107 pote-

124 1115 199 1167 runt.
237 1106 391 1169 Isluidcutia
416 1110 445 1168 iu
464 1109 647 1183 narratione,
669 1115 804 1184 qnantum
826 1126 883 1185 ego
904 1110 1056 1189 intelligo,
1080 1122 1126 1172 est

125 1191 242 1270 quidem
266 1209 370 1270 magua
388 1194 501 1268 uirtus,
525 1209 604 1268 euro,
627 1191 695 1276 quid
717 1193 795 1266 veri,
819 1208 877 1251 non
891 1193 1051 1256 dicendum
1072 1195 1125 1256 sed

124 1275 437 1353 quodammodcetiam
457 1275 667 1336 ostendendum
690 1281 749 1344 est;
772 1274 825 1334 sed
840 1275 943 1336 subiici
962 1278 1124 1356 perspicui-

123 1361 175 1418 tati
196 1365 311 1437 potest,
333 1377 419 1436 quam
432 1360 548 1438 quidam
568 1361 653 1420 etiam
674 1360 848 1420 contrariam
870 1360 984 1420 interim
1004 1370 1123 1440 putave-

124 1450 206 1516 runt,
235 1444 302 1521 quin
326 1444 355 1502 in
378 1442 548 1522 quibusdam
571 1444 666 1504 causis
689 1442 871 1504 obscuranda
894 1447 1003 1505 veritas
1027 1454 1123 1514 essem

10 1523 11 1526 ’
125 1525 204 1604 quod
226 1534 271 1585 est
290 1525 451 1586 ridiculum.
489 1525 560 1587 Naar
582 1529 630 1606 qui
650 1526 810 1588 obscurare
833 1527 911 1604 vult,
931 1538 1029 1590 narrat
1050 1528 1167 1591 faunos

124 1625 179 1686 pro
193 1611 288 1685 reris,
305 1609 438 1670 et'iu'lris
454 1628 530 1691 quae
544 1619 640 1672 narrat
655 1610 743 1672 debet
759 1610 911 1688 laborare,
929 1622 960 1673 ut
973 1609 1125 1674 videantur

124 1691 449 1771 qnamevidentissima.
703 1743 705 1747 .

207 1775 247 1838 to
261 1786 403 1858 qnatenus
425 1779 510 1838 etiam
529 1779 606 1838 forte
624 1779 745 1858 quadam
764 1779 948 1857 pervenimus
964 1777 1001 1838 ad
1022 1777 1167 1842 utrici-eo

124 1859 180 1920 lius
196 1863 390 1922 narrationum
405 1879 515 1938 genus,
538 1864 594 1922 ianr
608 1863 645 1922 de
661 1862 705 1922 lris
721 1862 889 1942 loquamur,
911 1862 940 1922 in
955 1860 1060 1938 quibus
1075 1877 1124 1920 res

123 1952 255 2004 contra
278 1961 343 2004 nos
366 1947 436 2021 erit,
461 1960 518 2023 quo
535 1945 750 2006 locononnulli
765 1944 1006 2024 praetereundem
1026 1962 1123 2005 narre-

123 2029 233 2087 tionem
252 2036 434 2107 putaverunt.
473 2028 511 2088 Ει
531 2046 601 2089 sane
621 2029 690 2090 nihil
712 2037 757 2088 cst
777 2028 906 2106 lucilius,
927 2029 982 2090 nisi
1002 2044 1123 2106 prorsus
1195 2092 1200 2098 ,

123 2117 213 2173 totam
230 2129 346 2173 causam
361 2115 475 2173 omniuo
492 2129 551 2174 uon
566 2131 666 2191 agere.
696 2112 756 2174 Sed
768 2114 794 2172 si
810 2113 906 2190 aliqua
921 2113 995 2173 iusta
1011 2113 1123 2172 ratione
1229 2157 1232 2166 ,

122 2194 285 2256 lruiusmodi
308 2199 478 2276 susceperis
503 2196 600 2258 litem:
633 2198 714 2266 cuius
737 2197 810 2258 artis
839 2205 900 2272 est,
928 2196 1032 2258 malam
1055 2213 1122 2256 esse

122 2296 240 2342 eausam
262 2279 379 2340 silentio
405 2277 558 2340 confiteri?
581 2283 636 2341 nisi
656 2281 733 2341 forte
754 2289 811 2342 tarn
830 2279 923 2340 hebes
945 2280 1057 2340 iuturus
1079 2290 1124 2340 est

122 2362 226 2436 index,
246 2371 277 2420 ιιι
292 2363 449 2424 secundum
464 2365 493 2424 id
508 2365 689 2441 pronuntiet,
712 2363 789 2442 qnod
804 2364 879 2424 sciet
893 2380 1012 2424 narrare
1027 2371 1058 2422 te
1072 2380 1123 2423 no-

124 2444 225 2504 luisse.
262 2443 365 2523 Neque
386 2446 490 2506 inlltias
506 2462 559 2521 eo,
580 2447 809 2522 incarnatione,
829 2455 861 2506 ut
873 2445 971 2524 aliqua
991 2447 1123 2522 tamuda
1131 2449 1166 2506 67

121 2527 220 2606 aliqua
241 2527 401 2589 adiicienda
419 2530 515 2608 aliqua
531 2530 679 2606 mutanda,
698 2531 742 2589 sic
762 2528 859 2607 aliqua
876 2530 965 2588 etiam
985 2529 1122 2597 tacenda;

125 2611 178 2672 sed
198 2611 338 2688 tacenda,
362 2630 437 2692 quae
457 2623 557 2674 tacere
577 2611 731 2693 oportebit·
749 2620 778 2671 et
796 2611 918 2672 liberum
940 2613 1004 2672 erit.
1036 2610 1124 2685 Quod

125 2695 156 2756 lit
178 2711 380 2776 nonnunquam
399 2695 550 2757 brevitatis
574 2714 692 2777 quoquc
715 2697 824 2773 matta,
856 2695 942 2772 quale
970 2694 1042 2756 illud
1061 2705 1123 2756 est:

123 2778 311 2859 Respondit,
331 2795 412 2858 quoe
428 2781 457 2842 οἱ
476 2782 574 2842 oleum
591 2790 646 2844 est.
681 2778 896 2857 Distinguamus
913 2779 1000 2857 igitur
1013 2795 1167 2858 gemmans

124 2880 284 2925 consanum.
323 2860 471 2943 Namque,
496 2865 526 2924 in
542 2864 645 2946 quihus
660 2861 767 2924 nonde
789 2863 875 2942 culpa
891 2872 1049 2942 quaeretur
1069 2866 1123 2926 sed

125 2946 161 3006 de
179 2951 305 3024 actione,
322 2949 433 3010 etiarnsi
450 2958 533 3009 emunt
547 2957 648 3010 eontra
662 2963 716 3008 nos
732 2946 873 3024 themata,
890 2947 1024 3010 confiteri
1038 2948 1122 3008 nohis

124 3029 240 3092 licebit:
269 3030 436 3110 Pecuniam
455 3035 495 3094 de
515 3033 626 3113 templo
636 3031 759 3094 ιιιιιιιιιι
774 3032 832 3094 scd
849 3033 1018 3111 paveram,
1038 3033 1122 3094 ideo

124 3127 183 3190 que
196 3115 368 3194 scortisque
381 3135 441 3178 nou
456 3123 509 3180 cet.
543 3115 696 3198 Vispinem
711 3119 834 3196 rapuit,
849 3135 909 3178 nost
926 3126 1027 3178 museo
1041 3117 1123 3194 optio

121 3200 207 3276 patri
219 3199 358 3261 dabitur.
372 3198 552 3279 ,depensuram
559 3202 718 3280 virtrqrsnroit
731 3208 932 3279 ctetuprntuc
946 3219 982 3260 cc
995 3217 1121 3278 mapert-
1129 3210 1164 3265 69
1292 3221 1293 3264 ς

124 3280 185 3360 dit,
206 3301 267 3344 nost
281 3289 383 3344 tanen
401 3284 471 3347 ideo
485 3293 642 3362 stuprator
659 3285 761 3363 cupite
773 3295 808 3346 ιιι
827 3300 926 3344 cauco
942 3284 1048 3345 omres
1061 3297 1121 3361 pu-

123 3365 240 3444 nietur,
270 3366 327 3428 ced
346 3367 452 3429 decem
473 3368 573 3446 suido,
605 3383 685 3447 quoe
698 3385 803 3447 ‚poeno
822 3369 992 3444 stupratori
1013 3368 1121 3429 emti·

121 3453 189 3514 tuta
213 3458 278 3530 ert,
299 3449 394 3513 dotis.
438 3449 545 3512 Verum
568 3455 596 3512 in
615 3451 660 3512 lris
681 3467 799 3532 quoque
822 3448 1054 3512 confessionibus
1076 3457 1122 3513 est

1203 3407 1293 3656 d
