2608 3948
210 229 270 295 186
530 241 894 302 nunnamenster

207 402 282 460 mtna
296 399 467 476 iunguntur,
485 404 517 456 ιι
530 415 595 457 eum
609 394 758 459 Socrates
771 402 941 458 aecusatus
953 403 1014 476 est,
1039 397 1122 476 quod
1140 417 1217 463 cot·-

206 493 362 562 rumparet
381 484 566 542 iuoesstutem
588 490 617 542 et
634 499 729 542 nocem
741 481 970 559 superstitiones
982 482 1198 546 introduceret
1202 507 1221 558 ,-

207 576 237 628 et
251 565 366 646 singula
380 584 418 625 ex
435 563 565 643 pluribus
581 565 773 642 colliguntur,
797 572 828 622 nl
842 580 907 623 cum
927 566 1039 644 lauatio
1055 565 1137 628 male
1156 588 1218 650 qe-

205 661 255 713 sta
276 652 420 713 obiicitur
440 645 603 724 Aeschini,
626 649 708 728 quod
728 649 869 710 mentitus
888 647 943 724 sit,
973 650 1057 725 quod
1076 650 1154 714 rsidil
1175 673 1221 714 ea

204 736 361 796 mandatis
379 733 507 811 lecerit,
531 731 614 810 quod
633 741 770 794 moratus
791 734 847 807 sit,
870 732 952 809 quod
971 749 1100 795 munero
1120 754 1217 798 acce-

176 820 295 900 operit.
330 815 487 876 Recnsetio
503 832 621 894 qnoque
635 814 735 893 plures
751 815 863 874 interim
878 817 1096 894 propositiones
1110 817 1215 895 habet,

205 911 237 962 nt
252 911 353 962 contra
367 901 536 978 petitionem
556 901 714 977 pecuniae:
736 897 818 960 Male
836 900 957 976 petitis,
975 909 1217 978 procuratorum

205 988 286 1048 euim
305 984 360 1045 tibi
380 1001 448 1044 esse
474 1001 534 1044 aou
563 985 668 1053 licuit,·
688 983 745 1044 sed
765 999 865 1060 neque
885 983 946 1058 illi,
974 985 1063 1045 cidus
1090 989 1217 1048 momine

203 1069 323 1147 litioas,
345 1066 460 1129 labere
478 1076 731 1146 procuratorem·
761 1066 936 1144 sedereque
957 1075 1003 1128 est
1021 1067 1113 1129 lieres
1134 1071 1215 1147 eim,

177 1163 227 1220 ιιι
243 1168 303 1230 quo
321 1151 481 1229 occepisse
502 1159 637 1212 mutuam
652 1151 758 1219 dicon
776 1151 834 1212 sed
847 1169 905 1211 uec
920 1151 982 1230 tpst
999 1151 1100 1216 debui,
1136 1151 1215 1214 mut-

207 1236 333 1316 liplicari
352 1235 425 1294 haec
447 1235 476 1294 in
498 1242 632 1312 quantum
645 1232 717 1293 libet
731 1241 869 1312 possunt,
892 1233 944 1294 sed
964 1251 1025 1294 rem
1044 1236 1214 1297 ostendisse

205 1323 277 1381 satis
300 1329 355 1380 cst.
393 1315 454 1378 Hae
476 1319 501 1376 si
524 1326 666 1395 ponantur
688 1315 838 1394 singulae,
867 1315 1006 1377 subiectis
1030 1318 1214 1396 probationi-

205 1403 278 1479 bus,
294 1402 394 1480 plnres
411 1409 476 1459 sunt
492 1402 727 1478 propositionem
750 1402 774 1460 si
789 1401 1013 1478 coniungantur,
1035 1401 1064 1460 in
1072 1405 1213 1481 ‘partitio-

206 1503 272 1544 nem
288 1483 402 1544 cadunt.

176 1580 196 1636 8
292 1565 346 1628 Est
365 1574 394 1626 et
409 1565 483 1626 nuda
497 1567 678 1644 propositio,
702 1567 795 1645 qualis
816 1567 880 1626 iere
901 1569 929 1626 in
945 1569 1212 1634 coniecturalibus:

207 1648 322 1715 Caedis
343 1669 424 1731 ιρις
443 1652 559 1730 furtum
580 1651 709 1722 obiicim·
731 1659 776 1709 est
796 1653 908 1710 ratione
924 1650 1069 1728 subiecta,
1095 1661 1126 1712 nt
1140 1651 1213 1716 tta-

203 1738 343 1799 iestalem
365 1735 472 1796 minuit
492 1731 526 1794 C.
541 1729 805 1812 Cornelius,'uam
825 1735 963 1797 codicem
982 1736 1124 1797 tribunus
1140 1741 1213 1818 ple-

203 1820 253 1882 bis
272 1821 340 1900 ipse
358 1837 418 1897 pro
438 1818 577 1880 contione
598 1819 678 1898 lepit.
715 1817 836 1878 Praeter
855 1817 929 1879 haec
948 1821 1052 1878 utimur
1073 1823 1212 1900 proposi·

205 1905 285 1965 tione
299 1912 348 1963 ιιι
362 1911 476 1980 ιοιιιι,
498 1910 529 1961 ιιι
551 1899 744 1963 Adulterium
763 1901 893 1973 obiicim·
914 1911 962 1962 ιιι
982 1902 1158 1981 adversarii,
1180 1912 1213 1966 ut

204 1986 359 2049 Adulterii
379 2005 497 2048 mecum
515 1987 618 2064 opiter
624 2008 638 2055 ‚·
660 1994 709 2045 aut
724 1987 874 2063 communi,
897 1994 927 2046 ut
942 1983 1028 2047 luter
1042 2005 1090 2048 me
1112 1997 1141 2050 et
1154 1987 1212 2050 od·

202 2071 377 2133 versarium
398 2071 536 2146 quaestio
558 2075 619 2142 est,
642 2075 711 2128 uter
731 2070 771 2128 sit
790 2069 934 2131 intestato
951 2072 1090 2149 propior.
1131 2067 1211 2132 Non·

204 2170 351 2230 nunquam·
363 2150 494 2210 diversas
511 2167 628 2230 qnoque
642 2152 800 2228 iungimus:
821 2149 888 2231 Epo
908 2155 965 2216 ltoc
986 2155 1071 2233 dico,
1095 2155 1211 2216 otloer-

204 2237 310 2298 sarius
330 2235 396 2294 lsoo.

173 2327 193 2382 9
286 2315 381 2378 Habet
394 2318 508 2378 interim
522 2319 579 2376 vim
593 2319 821 2397 propositionis,
846 2321 957 2378 etiamsi
971 2337 1025 2398 per
1040 2339 1073 2382 se
1090 2339 1147 2382 non
1164 2331 1211 2383 est

204 2404 386 2484 propositio,
409 2420 473 2463 eum
496 2403 631 2479 exposito
654 2420 751 2462 rerum
775 2402 876 2462 ordine
893 2401 1074 2466 subiicimns:
1093 2403 1142 2467 De
1160 2405 1210 2466 leis

204 2487 408 2567 eopuoscitis;
425 2493 456 2544 nt
472 2486 509 2545 sit
524 2484 598 2544 haec
614 2487 796 2546 commonitio
812 2485 926 2561 iudicis,
944 2503 1001 2565 quo
1017 2506 1050 2547 se
1069 2489 1105 2548 ad
1120 2505 1209 2566 quae·

203 2571 328 2631 stionem
349 2571 445 2630 acrius
464 2569 593 2628 intendat
617 2578 647 2629 et
666 2568 748 2629 velut
770 2569 894 2648 quodam
919 2579 998 2631 tactu
1018 2572 1209 2632 resuscitatus

204 2653 289 2714 duem
306 2671 374 2713 esse
386 2654 568 2727 narrationis,
584 2653 692 2712 initium
705 2651 885 2732 probationis
897 2653 1052 2733 intelligat,
1070 2663 1109 2731 el,
1124 2653 1208 2714 nobis

205 2738 452 2798 confirmationem
466 2735 705 2814 ingredientibus,
721 2737 785 2815 ipse
798 2754 914 2816 qnoque
929 2737 1139 2816 quodammodo
1156 2753 1209 2798 no·

203 2836 271 2878 vum
286 2818 419 2879 audiendi
435 2828 526 2879 sumat
541 2818 700 2880 exordium.

575 2970 618 3020 DE
636 2972 841 3023 PARTITIONE.

286 3065 323 3125 V.
354 3065 513 3133 Partitis
538 3075 583 3126 est
603 3078 766 3129 nostrarum
786 3077 835 3128 aut
856 3065 1014 3128 adversarii
1030 3067 1208 3148 propositio·

203 3167 269 3211 num
289 3159 337 3210 aut
352 3158 536 3227 utrarumque
553 3151 654 3212 ordine
677 3151 822 3212 collocata
837 3152 1025 3212 enumeratio.
1062 3147 1123 3212 Hac
1146 3151 1207 3229 qui·

204 3231 419 3296 demetendum
434 3250 551 3312 semper
571 3243 687 3312 putant,
709 3235 787 3312 quod
809 3251 844 3295 ea
864 3233 913 3294 flat
936 3251 1024 3295 causa
1039 3233 1163 3296 lucidior
1177 3243 1207 3295 ct

203 3319 291 3378 index
306 3318 444 3377 attentior
457 3334 493 3378 ac
508 3317 647 3394 docilior,
669 3319 695 3377 si
710 3319 826 3397 scierit,
849 3328 878 3380 et
899 3319 936 3379 de
958 3334 1015 3397 quo
1040 3318 1160 3379 dicimus
1174 3327 1208 3378 et

173 3395 242 3464 ade
257 3415 315 3482 qno
331 3401 434 3461 dicturi
449 3408 553 3480 postea
567 3401 665 3460 simus.
704 3399 816 3463 Rursus
836 3403 950 3483 quidam
966 3401 1163 3480 periculosum
1177 3400 1207 3461 id

205 3486 314 3544 oratori
334 3483 507 3544 arbitrantur
528 3479 637 3544 duabus
661 3499 698 3544 ex
719 3486 831 3546 causis:
857 3484 935 3565 quod
956 3499 1158 3564 nonnunquam
1176 3491 1209 3545 et

965 3749 981 3784 0
