2608 3948
391 223 480 272 rusa.
495 223 645 276 enidos.
661 223 730 272 uro.
749 223 794 290 ru,
810 223 834 275 1.
1062 211 1120 274 159

121 382 242 444 meteri:
259 379 493 460 demoniorum,
510 378 568 442 odii
581 378 685 438 minus.
722 375 754 437 In
767 377 831 455 ιιίε,
855 396 929 458 quae
945 380 1046 456 negari
1064 393 1163 446 nouat

123 465 284 544 potuerint,
308 463 531 539 elaborandum,
553 470 585 522 ut
606 460 802 538 animinoni,
824 478 910 542 pram
932 462 1043 523 dietum
1065 474 1120 541 est,

121 558 170 610 rat
192 548 249 608 alia
267 555 366 608 emente
383 545 480 621 iaetu«,
501 553 551 606 aut
567 544 640 606 uibii
660 543 701 606 aad
717 555 901 622 praesentem
923 548 1122 625 quaestionem

121 633 290 710 pertinere,
303 637 355 691 aut
364 628 515 690 ameudari
530 644 619 707 posse
631 629 833 705 poenitentia,
850 631 983 690 autentis
1000 631 1055 690 iam
1069 647 1120 709 pu·

120 718 179 776 nita
208 713 370 776 uideantur.
418 710 548 790 Ideoque
574 727 663 787 apere
691 712 837 773 adnoeato
872 730 956 791 quam
984 713 1132 790 litigatori

120 798 254 872 mitius„
277 797 390 874 puiset
404 794 576 856 iaudetsine
587 796 770 872 arrogantiae
788 796 906 856 erimine
922 803 952 856 et
967 795 1122 876 aliqnando

119 881 336 942 mitteremini
350 879 569 958 reprehendere
580 886 696 956 ¹potest.
730 877 805 942 ban
822 897 858 939 se
876 895 995 958 qaoque
1012 883 1166 943 mnu-eride

121 966 237 1027 interim
252 962 361 1040 tepet„
386 970 418 1021 ut
431 978 485 1040 pro
501 961 619 1022 Rabirio
634 960 771 1022 Postumo
782 959 911 1040 cidere,
937 963 1002 1024 dum
1012 965 1123 1026 aditum

120 1045 176 1108 sibi
200 1047 235 1108 ad
257 1063 342 1108 aures
365 1045 453 1106 faeiat
479 1055 508 1106 et
528 1047 729 1106 auctoritatem
748 1044 846 1106 induat
866 1065 938 1108 nera
959 1049 1122 1125 sentientis,

122 1147 180 1210 quo
195 1130 288 1206 raa-gis
303 1129 438 1190 enodatur
451 1129 501 1190 vel
515 1129 682 1190 defendenti
699 1128 802 1189 eadem
816 1131 865 1190 vel
881 1132 1008 1208 neganti.
1037 1130 1122 1192 Ideo·

121 1233 178 1294 que
204 1213 263 1275 boo
283 1214 406 1292 primum
428 1214 588 1288 intuemur,
612 1213 769 1290 litigatoris
789 1229 826 1272 an
846 1213 980 1275 advooati
995 1231 1123 1292 persona

121 1297 326 1373 sitammam,
348 1297 483 1374 quotiens
506 1305 658 1375 utrumque
680 1296 743 1360 beri
759 1305 872 1375 poteet;
899 1298 1005 1358 namin
1021 1298 1124 1358 soboba

120 1381 244 1442 liberum
266 1388 328 1456 est,
353 1381 381 1439 in
396 1379 462 1439 ioro
478 1397 588 1456 rarum,
610 1389 641 1440 ut
660 1380 698 1439 sit
713 1380 839 1443 idoneus
854 1397 926 1443 suas
941 1382 984 1440 rei
1000 1383 1123 1460 quisque

122 1465 272 1524 defensor.
309 1461 531 1524 Deoiamaturus
552 1471 647 1524 autem
666 1465 789 1524 maxime
805 1465 915 1544 positas
931 1466 960 1524 io
972 1465 1165 1532 edentibusdi

121 1545 1124 1709 ttdttdttitttiitt:titttnbtttttiedj

124 1731 181 1792 qua
203 1714 266 1789 sui,
288 1721 392 1774 motus.
438 1712 489 1772 His
511 1715 597 1774 etiam
620 1713 659 1774 de
679 1716 775 1774 eausis
790 1716 982 1778 insinuatione
1009 1715 1167 1782 videturne

125 1813 302 1875 oporam,
324 1798 349 1856 si
372 1795 530 1857 adversarii
547 1798 623 1856 sotio
643 1796 769 1859 iudioorn
784 1799 893 1858 animos
909 1799 1079 1876 occuparit,
1100 1801 1125 1858 si

124 1879 277 1944 dicendum
305 1880 381 1958 apud
402 1879 539 1956 fatigatos
560 1887 618 1947 est;
649 1897 770 1957 qnorum
790 1879 911 1942 alterum
931 1882 1124 1960 promittendo

124 1971 239 2025 nostm
256 1961 444 2042 probationes
452 1971 490 2024 -et
504 1963 643 2024 adversas
659 1962 803 2024 eludendo
818 1963 985 2040 vitabimus,
1003 1965 1126 2026 alterum

126 2056 155 2108 et
169 2065 224 2126 spe
234 2046 392 2108 ‘brevitatis
401 2055 436 2106 -et
450 2046 512 2122 nis,
536 2046 641 2125 quibus
652 2055 793 2110 utentum
802 2047 872 2110 dieti
888 2048 1011 2110 indidem
1026 2048 1124 2110 deeri-

124 2149 197 2192 mus.
235 2129 273 2192 Et
293 2130 441 2192 urbanitas
465 2139 630 2209 opportuna
650 2131 746 2193 reduit
764 2132 875 2212 animos
891 2133 1124 2212 et-undeounque
1133 2145 1167 2199 49

125 2216 217 2294 petita
232 2214 335 2276 iudieis
349 2213 485 2292 voluptas
503 2213 583 2275 levat
598 2215 732 2278 taedium.
770 2213 836 2278 Non
858 2215 965 2277 inutilis
979 2219 1065 2278 etiam
1078 2226 1126 2276 est

125 2301 199 2359 ratio
226 2298 403 2376 normandi,
431 2315 505 2376 quae
526 2299 659 2359 videntur
685 2299 817 2374 obstare,
848 2309 881 2362 ut
906 2297 1011 2360 (iioero
1044 2301 1125 2376 dicit,

127 2381 219 2442 Scire
236 2401 272 2444 te
292 2382 402 2442 rusori
417 2383 577 2459 quosdam,
596 2382 678 2460 quoti
697 2383 742 2456 ir,
756 2383 810 2458 qui
820 2400 880 2460 per
893 2391 937 2444 tot
955 2401 1052 2444 onnon
1062 2383 1125 2444 da-

125 2463 261 2546 fenderit
274 2465 398 2540 auritos,
420 2465 732 2548 denumerationem,
753 2465 799 2525 od
812 2465 1025 2526 ooeurorrdem
1046 2463 1125 2526 ‘Ver-

126 2567 193 2612 rem
214 2548 427 2620 desoanderit5
448 2547 514 2608 inde
539 2547 683 2620 ostendit,
702 2545 776 2624 hane
791 2548 883 2626 ipsam
898 2562 965 2606 esse
980 2548 1127 2608 sooiorum

128 2631 354 2711 defensionem
381 2632 458 2709 quod
481 2630 599 2692 sahenas
621 2625 772 2711 πρόληψις
796 2631 908 2690 dieitur.
955 2627 987 2690 1d
1008 2649 1072 2690 oum
1091 2632 1169 2701 sitso

127 2715 199 2778 utile
224 2712 501 2795 aliquando‚1nuno
526 2732 545 2774 a
573 2712 816 2777 declamatoribus
843 2711 1012 2792 quidusdam
1032 2732 1127 2794 paene

126 2817 245 2879 semper
266 2799 435 2875 assumitur,
462 2797 515 2876 qui
536 2797 581 2858 ias
602 2815 660 2858 non
677 2805 780 2875 putant
802 2797 893 2856 nisia
917 2800 1063 2860 eontrario
1084 2802 1126 2860 in·

179 2901 239 2946 are.
807 2913 809 2922 ν

130 2901 176 3034 ,up
213 2966 328 3044 Negant
349 2964 562 3046 Apollodorum
584 2967 691 3041 sequti,
713 2966 764 3025 tris
789 2981 873 3042 esse,
900 2965 937 3026 de
960 2966 1063 3044 quibus
1080 2985 1126 3026 su·

130 3067 183 3129 pra
199 3050 336 3126 diximus,
361 3049 553 3130 praeparandi
568 3051 669 3112 iudiois
684 3057 799 3128 partes;
820 3049 874 3110 sed
889 3049 1126 3128 multas-speeies

131 3141 315 3209 enumerant,
341 3142 373 3194 ut
398 3152 436 3194 ex
453 3133 582 3194 moribus
603 3133 721 3210 iudiois,
735 3151 779 3196 aa
800 3132 983 3212 opinionibus
1005 3131 1041 3194 ad
1060 3150 1126 3204 eau-

131 3233 192 3278 sam
213 3222 296 3276 eutra
313 3216 540 3294 pertinentibus,
570 3235 608 3277 ex
627 3218 763 3296 opinione
783 3217 819 3278 de
833 3220 905 3296 ipsa
924 3231 1030 3291 eausa,
1043 3231 1127 3294 ‚quae

131 3308 198 3362 sunt
210 3312 312 3380 prope
332 3298 475 3368 indnitae;
501 3316 565 3360 eum
579 3299 638 3376 nis,
661 3318 698 3362 ex
720 3301 823 3380 quiburs
838 3313 938 3360 ornnes
959 3306 1127 3359 controuer-

132 3385 194 3446 siae
210 3391 360 3458 eonstant‚
381 3383 533 3461 personis,
555 3383 654 3458 faotis,
677 3384 778 3460 dietis,
802 3384 913 3459 oensis,
936 3381 1126 3461 temporibus,

132 3465 226 3546 loeis,
244 3465 463 3544 oeoasionibus,
479 3468 595 3528 eeteris.
630 3467 709 3541 Quas
724 3481 810 3528 veras
823 3484 891 3526 esse
905 3466 1018 3543 fateor,
1034 3465 1087 3528 sed
1102 3466 1168 3530 inti
