2608 3948
391 251 483 300 ruso.
497 249 647 300 onuuon.
660 251 729 298 uuo.
741 251 796 318 111,
809 249 835 303 6.
1056 243 1115 302 117

114 405 241 465 dictione
258 407 397 482 nascitur,
413 407 442 466 id
458 415 503 466 est
517 423 610 484 genus
628 407 821 485 quaestionis,
835 405 953 484 feciotr,
969 425 1029 469 non
1042 409 1116 488 feci,

113 507 155 550 cn
169 489 299 565 fecerit?
326 488 392 552 Hoc
403 491 507 568 fecisti
514 534 523 566 ,
538 507 598 552 non
612 490 670 552 lucc
682 488 746 568 feci
753 533 763 566 ,
783 489 859 567 quid
871 489 1004 568 secem?
1043 491 1116 565 Quia

114 589 151 631 ex
165 572 211 632 luis
227 581 367 652 apparot,
388 573 462 634 illud
477 575 659 649 coniectura,
681 573 739 633 hoc
760 573 888 634 linitione
910 574 1115 652 quaerendum,

113 664 200 735 atque
216 657 245 716 in
263 672 299 716 eo
316 673 385 735 pars
398 665 521 735 unaque
534 657 656 717 insistit:
678 660 733 716 erit
755 659 888 735 quaestio
910 659 1115 720 coniecturalis

112 740 161 801 vel
177 741 277 799 finitivi
293 747 396 800 status.
428 736 526 814 Quid?
548 742 573 822 si
589 742 664 800 enim
680 741 757 801 dicat
775 742 856 818 quis,
872 759 968 803 sonus
982 751 1028 805 ert
1043 745 1141 806 duo-6

112 841 182 884 mm
201 825 283 884 inter
299 841 334 884 ce
356 841 519 902 corporum
540 821 709 902 conflictio:
735 834 831 901 erret,
856 834 889 884 ut
908 827 1030 904 opinor,
1057 843 1117 886 non

114 908 189 966 enim
213 922 303 966 sonus
325 915 371 967 est
392 907 537 968 condictio
559 906 611 967 sed
628 926 665 967 ex
682 907 876 969 condictione.
913 909 973 970 Sed
994 908 1052 971 hoc
1074 909 1115 970 le·

111 991 193 1058 vius;
216 989 387 1069 intelligitur
408 993 482 1051 euim
502 999 648 1070 utcunque
674 991 790 1052 dictum.
824 990 895 1052 lnde
917 1009 990 1052 vero
1013 994 1115 1070 ingens

112 1072 188 1133 male
209 1073 467 1151 interpretantibus
487 1077 601 1135 innatus
626 1083 672 1134 est
696 1091 794 1149 error,
821 1077 887 1154 qui,
909 1078 975 1153 quia
997 1078 1117 1154 primam

113 1155 326 1218 condictionem
342 1157 492 1236 legerant,
516 1157 702 1218 credidemnt
716 1165 820 1217 statum
836 1175 954 1235 semper
970 1177 1009 1218 ex
1026 1162 1117 1238 prima

113 1242 284 1320 quaestione
300 1242 470 1311 ducendum
488 1241 566 1320 quod
582 1251 628 1301 est
641 1242 868 1302 vitiosissimum.
894 1240 967 1302 Nam
983 1245 1140 1319 quaestio?

112 1324 190 1384 nulla
205 1323 367 1386 nonhabet
381 1328 481 1404 utique
497 1333 618 1402 statum,
640 1333 754 1385 constat
768 1325 842 1385 enim
860 1343 898 1384 ex
912 1327 1071 1386 intentione
1087 1335 1118 1385 et

113 1407 304 1486 depulsione;
336 1408 388 1468 sed
411 1409 486 1470 allae
510 1417 575 1469 sunt
598 1410 736 1488 propriae
758 1425 925 1486 causarum,
953 1408 1116 1487 dequibus

111 1491 233 1551 ierenda
254 1495 398 1552 sententia
427 1501 488 1568 est,
512 1491 586 1552 aliae
612 1492 754 1552 adductae
780 1495 979 1569 extrinsecus,
1008 1492 1116 1573 aliquid

113 1585 208 1634 tamen
230 1576 265 1636 ad
288 1593 425 1636 summam
447 1593 553 1636 causae
575 1575 778 1653 conferentes,
800 1576 882 1638 velut
902 1575 1009 1637 auxilia
1027 1594 1115 1656 quae·

113 1658 193 1735 dam,
211 1676 269 1738 quo
285 1659 332 1738 lit,
350 1668 381 1730 ut
396 1661 425 1720 in
441 1661 642 1721 controversia
656 1677 711 1719 una
728 1659 827 1739 plures
843 1661 1030 1740 quaestiones
1046 1678 1115 1720 esse

112 1741 252 1802 dicantur.
291 1742 397 1804 llarum
415 1759 505 1824 porro
520 1743 693 1823 plerumque
711 1744 857 1805 levissima
873 1762 1006 1823 quaeque
1023 1745 1142 1823 primoli

114 1824 182 1885 loco
200 1825 337 1904 iungitur.
375 1827 506 1908 Namque
522 1836 551 1887 et
566 1826 637 1888 illud
654 1827 793 1905 frequens
807 1837 870 1902 est,
888 1837 919 1887 ut
936 1845 988 1904 ea,
1012 1827 1115 1908 quibus

115 1910 205 1970 minus
233 1910 419 1987 confidimus,
446 1929 510 1972 cum
534 1918 657 1970 tractata
680 1920 763 1987 suut,
794 1911 973 1980 omittamus;
1002 1912 1115 1972 interim

113 2001 219 2071 sponte
238 2003 337 2055 nostra
353 1993 435 2055 velut
455 1995 610 2069 donantes,
633 1995 747 2055 interim
764 1995 800 2055 ad
818 2011 869 2071 ea,
893 2011 966 2072 quae
981 2003 1048 2055 sunt
1062 2011 1114 2074 po·

112 2079 252 2154 tentione,
276 2079 396 2156 gradum
421 2097 459 2140 ex
480 2078 525 2139 his
552 2078 661 2139 iecisse
686 2081 823 2139 contenti.
866 2077 998 2157 Simplex
1021 2084 1141 2139 autem9

113 2177 200 2221 causa
217 2164 328 2224 etiamsi
344 2165 426 2224 vario
446 2163 627 2237 defenditur,
646 2179 704 2223 non
724 2170 824 2242 potest
839 2160 948 2223 habere
963 2161 1029 2242 plus
1045 2179 1114 2239 uno,

112 2243 149 2304 de
165 2262 223 2325 quo
238 2249 455 2325 pronuntietur,
476 2256 563 2326 atque
581 2246 648 2306 inde
664 2248 719 2307 erit
735 2251 827 2307 status
846 2263 969 2322 causae,
990 2247 1068 2326 quod
1086 2255 1116 2306 et

113 2337 214 2389 orator
234 2331 393 2409 praecipue
410 2331 466 2391 sibi
481 2331 669 2391 obtinendum
692 2339 722 2390 et
742 2331 831 2391 iudex
854 2330 1042 2407 spectandum
1056 2346 1114 2388 ma·

112 2414 190 2472 xime
207 2411 357 2490 intelligit;
376 2416 404 2474 in
419 2414 478 2474 hoc
493 2416 567 2474 eninr
582 2431 669 2473 causa
686 2417 836 2474 consistet.
872 2411 1008 2474 Ceterum
1026 2431 1114 2492 quae-

113 2495 240 2554 stionum
261 2505 383 2575 possunt
405 2515 473 2557 esse
495 2497 612 2572 diversi.
651 2495 736 2571 Quod
758 2507 790 2556 ot
816 2496 989 2573 brevissimo
1016 2505 1157 2576 pateatlo

113 2577 266 2658 exemplo:
291 2597 354 2639 cum
376 2581 445 2641 dicit
460 2598 546 2655 reus,
569 2578 700 2642 Etiamsi
719 2581 798 2660 fect,
820 2588 905 2640 recte
923 2579 1002 2658 feci,
1024 2579 1115 2657 quali·

112 2664 180 2723 tatis
197 2665 285 2724 utitur
306 2671 397 2734 stato;
425 2681 489 2724 cum
513 2664 627 2740 adiicit,
655 2666 713 2726 ced
731 2665 890 2743 confeci,
920 2663 1116 2723 coniecturam

112 2755 219 2808 moret.
257 2747 381 2826 Semper
399 2755 497 2822 ¹autern
520 2748 626 2806 firmius
646 2756 692 2806 est
711 2765 770 2808 non
787 2748 917 2826 fecisse,
938 2747 1065 2827 ideoque
1086 2748 1115 2806 in

113 2849 150 2891 eo
166 2840 271 2892 statum
293 2849 361 2892 esse
382 2831 532 2900 indicab03
556 2830 635 2909 quod
655 2830 799 2907 dicerem,
822 2833 846 2890 si
862 2831 930 2892 milri
947 2831 1013 2910 plus
1030 2848 1113 2910 quam

47 2985 53 2996 ι
112 2933 197 2975 unum
212 2915 311 2978 dicere
323 2934 380 2976 non
396 2915 508 2977 liceret.
537 2913 631 2974 Recte
641 2916 730 2992 igitur
744 2924 791 2976 est
804 2915 951 2994 appellata
964 2933 1113 2977 causarum
1125 2919 1155 2970 ll

113 3001 203 3077 prima
225 2999 372 3060 conflictio
394 3017 451 3060 non
472 3001 680 3078 quaestionum.
718 2997 790 3061 Nam
810 3007 840 3060 et
854 3016 909 3080 pro
925 3000 1044 3061 Rabirio
1059 2999 1112 3059 Po-

113 3090 207 3142 stumo
232 3080 337 3143 cicero
358 3086 478 3163 primam
498 3091 610 3162 partem
633 3084 771 3144 orationis
795 3085 824 3143 in
845 3084 902 3145 hoc
924 3083 1061 3157 intendit,
1082 3087 1114 3139 nt

113 3166 258 3225 actionem
274 3177 442 3245 competere
458 3168 584 3246 equitem
602 3165 760 3228 Romanum
774 3177 878 3245 negem
896 3165 1034 3241 secunda,
1051 3157 1124 3223 nul·'

113 3249 170 3309 lam
192 3249 228 3308 ad
249 3266 314 3308 eum
333 3251 484 3328 pecuniam
501 3253 673 3329 pervenisse
695 3253 853 3312 confirmat.
891 3253 1000 3311 Statum
1019 3257 1114 3307 tamen

112 3336 141 3392 in
157 3350 193 3392 eo
211 3333 305 3393 dicam
319 3332 428 3408 luisse,
452 3333 530 3411 quod
548 3343 595 3394 est
610 3337 766 3414 potentius.
803 3332 867 3392 Nec
882 3335 912 3391 in
928 3330 1156 3392 consolido-12

95 3419 157 3488 ,uis
174 3417 251 3477 circa
269 3417 374 3494 primas
389 3417 593 3495 quaestiones,
612 3435 688 3494 quae
704 3426 770 3477 sunt
785 3424 851 3476 ante
867 3416 1047 3494 prooemium
1061 3432 1113 3494 po·

111 3501 203 3576 sitne,
221 3497 356 3561 iudicabo
373 3500 541 3562 condixisse
558 3516 687 3570 causam;
707 3499 760 3560 sed
774 3499 824 3559 ulti
838 3501 907 3560 totis
921 3498 1031 3561 viribus
1046 3500 1113 3560 insl-

1204 3559 1295 3658 „4
