2570 3946
186 187 226 250 80
498 197 866 259 manaucandum

185 362 293 416 motum
307 369 365 415 oon
381 353 560 415 enuntiandis
576 353 630 415 sed
647 353 824 432 quaerendis
840 354 940 434 verbis
956 351 1190 416 accommodant.

157 436 323 504 §Nonnulli
339 445 421 500 certa
438 436 493 498 sibi
508 437 604 511 initia,
620 439 787 517 priusquam
809 455 926 499 sensum
943 437 1121 512 inuenerint,
1138 435 1193 497 de·

185 524 306 597 atinent,
331 522 434 602 quibus
452 521 561 599 aliquid
584 520 684 581 diserti
705 520 935 600 subiungendum
956 522 1010 596 sit,
1030 537 1125 599 eaque
1141 519 1193 580 diu

185 623 286 667 secum
301 607 357 685 ipsi
374 606 513 685 clareque
528 603 658 666 meditati
676 605 832 684 desperata
845 605 1038 666 connectendi
1049 602 1193 664 facultate

186 689 325 750 deserunt
341 698 371 749 et
387 689 423 749 ad
439 688 496 749 alia
512 687 652 768 deinceps
670 697 758 769 atque
774 689 840 750 inde
857 689 914 751 alia
930 689 1091 750 conminus
1110 704 1190 748 corn·

156 775 279 838 omunia
307 791 343 832 ae
363 781 432 833 nota
455 772 618 854 devertunt.
665 774 721 846 Qui
749 773 900 851 plurimum
923 774 1058 835 ridentur
1078 769 1192 832 habere

184 857 316 932 rationis,
332 873 390 916 non
405 858 433 915 in
448 873 552 917 causas
569 865 666 917 tamen
681 856 813 917 laborem
833 874 916 916 suum
931 856 985 919 sed
1002 858 1031 917 in
1046 857 1131 918 locos
1148 854 1192 916 in-

186 939 323 1015 tendunt,
345 949 433 1019 atquc
455 940 484 998 in
504 939 549 1000 lris
572 957 630 1000 uon
651 941 769 1018 corpori
790 941 972 1020 prospiciunt
993 940 1047 1001 sed
1066 937 1192 1019 abrupta

156 1023 344 1102 lquaedam,
367 1033 398 1083 ut
418 1024 495 1084 forte
512 1025 548 1085 ad
563 1042 676 1086 manum
691 1042 820 1100 venere,
844 1023 1013 1086 iaculantur.
1047 1023 1130 1084 Unde
1147 1022 1190 1099 lit,

185 1115 217 1166 ut
234 1107 376 1168 dissoluta
401 1118 430 1168 et
450 1125 490 1168 ex
510 1108 634 1170 diversis
663 1117 806 1186 congesta
828 1109 922 1168 oratio
946 1107 1109 1170 cohaerere
1131 1122 1190 1166 non

184 1192 280 1269 possit
302 1191 464 1272 similisque
488 1194 525 1252 sit
550 1209 707 1270 puerorum
727 1193 960 1269 commentariis,
990 1191 1019 1250 in
1044 1209 1118 1270 quos
1142 1208 1190 1264 ea,

185 1293 262 1354 quae
278 1275 342 1336 aliis
367 1275 597 1336 declamantibus
619 1274 737 1336 laudata
760 1285 844 1351 sunt,
869 1284 1019 1354 regerunt.
1067 1273 1189 1353 Magnas

184 1367 281 1418 tamen
297 1359 457 1419 sententias
474 1367 503 1418 et
520 1376 569 1418 res
585 1358 696 1434 bonas,
721 1360 760 1419 ita
776 1361 851 1420 enim
866 1359 1118 1437 gloriari‘solent,
1136 1357 1190 1418 eli·

186 1442 271 1510 dunt;
295 1459 361 1501 nam
385 1451 415 1501 et
439 1439 555 1501 barbari
572 1451 601 1501 et
616 1444 710 1510 servi;
729 1451 757 1502 et
774 1445 799 1502 si
816 1443 874 1504 hoo
890 1453 935 1505 sat
950 1453 1013 1519 est,
1039 1443 1118 1503 nulla
1144 1451 1191 1502 est

185 1523 259 1583 ratio
274 1524 398 1585 dicendi.

266 1677 398 1736 Quane
421 1676 628 1728 INERUDITI
653 1676 962 1729 INGENIOSIORES
986 1675 1120 1729 VULGO

556 1759 805 1813 HABEANTUR.

268 1858 332 1920 ΧΗ.
363 1859 408 1922 Ne
423 1859 481 1921 hoe
497 1861 612 1941 quidem
628 1861 807 1939 negaverim,
824 1861 909 1940 sequi
924 1859 1096 1938 plerumque
1114 1857 1191 1920 hanc

185 1943 362 2024 opinionem,
380 1953 411 2003 ut
426 1945 529 2004 lortius
545 1945 646 2006 dicere
663 1945 816 2006 videantur
831 1945 956 2013 indocti;
982 1943 1103 2023 primum
1118 1941 1190 2004 vitio

184 2027 259 2088 male
275 2027 476 2102 iudicantium,
493 2029 541 2107 qui
559 2031 698 2090 maiorem
715 2027 824 2088 habere
839 2028 897 2088 vim
912 2027 1033 2088 credunt
1050 2044 1096 2103 ea,
1114 2045 1192 2106 quae

184 2126 242 2169 non
253 2109 361 2169 habent
373 2119 474 2185 artem,
493 2120 524 2171 ut
537 2113 696 2190 effringere
707 2129 793 2191 quam
805 2112 932 2189 aperire,
950 2128 1086 2190 rumpere
1102 2127 1190 2189 quam

155 2192 321 2267 iocinere,
346 2192 463 2254 trahere
486 2213 571 2274 quam
595 2198 705 2258 ducere
735 2202 835 2272 putant
857 2193 1014 2256 robustius.
1061 2193 1134 2254 Nam
1160 2204 1210 2252 et

184 2275 340 2355 gladiator,
357 2278 406 2356 qui
421 2294 564 2341 armorum
581 2281 690 2340 inscius
704 2280 732 2340 in
749 2279 840 2339 rixam
856 2278 922 2354 ruit,
940 2286 970 2339 et
985 2278 1122 2354 luctator,
1139 2278 1191 2356 qui

185 2361 273 2420 totius
290 2361 422 2440 corporis
438 2362 502 2423 nisu
519 2362 602 2438 inid,
621 2363 702 2442 quod
716 2363 809 2422 semel
825 2363 946 2440 invasit,
965 2362 1112 2437 incumbit,
1129 2361 1177 2421 ior

184 2445 242 2504 tior
257 2444 293 2504 ab
309 2444 353 2504 his
368 2455 505 2516 vocatur;
530 2465 595 2506 cum
610 2447 724 2514 interim
748 2447 840 2508 ethic
857 2446 1030 2526 frequenter
1046 2447 1106 2506 suis
1121 2445 1190 2504 viri·

183 2528 237 2588 bus
255 2531 319 2606 ipse
336 2531 545 2607 prosternitur,
573 2539 602 2590 et
625 2530 707 2594 illum
727 2531 909 2592 vehementis
930 2533 1056 2612 impetus
1079 2529 1192 2608 excipit

154 2612 343 2673 dadrersarii
359 2613 455 2674 mollis
471 2614 619 2675 articulus.
654 2613 716 2676 Sed
732 2624 798 2676 sunt
813 2617 841 2676 in
855 2616 912 2679 hac
927 2623 1028 2695 parte,
1045 2631 1121 2694 puae
1137 2612 1190 2672 im·

184 2696 296 2774 peritos
315 2697 402 2758 etiam
416 2697 587 2760 naturaliter
602 2699 721 2770 fallant;
745 2719 811 2761 nam
827 2709 856 2760 et
873 2701 994 2776 divisio,
1020 2716 1085 2760 eum
1099 2696 1191 2776 pluri·

184 2797 260 2837 mum
274 2779 373 2842 valeat
388 2783 416 2841 in
433 2784 539 2859 causis,
553 2785 688 2863 speciem
703 2785 808 2844 virium
822 2785 932 2860 minuit,
951 2792 981 2843 et
992 2783 1074 2844 rudia
1089 2779 1191 2860 politis

155 2864 293 2923 lmaiora
319 2873 349 2924 et
372 2884 475 2944 sparsa
506 2869 676 2945 compositis
699 2868 901 2928 numerosiora
924 2867 1088 2928 ereduntur.
1135 2861 1192 2924 Est

183 2954 339 3026 praeterea
355 2951 498 3030 quaedam
513 2951 647 3011 uirtutum
667 2952 864 3030 vitiorumque
880 2951 1003 3027 vicinia,
1027 2968 1084 3030 qua
1098 2947 1190 3009 male·

185 3029 267 3091 dicus
283 3048 338 3112 pro
353 3033 467 3109 libero,
492 3034 663 3095 temerarius
679 3051 735 3114 pro
752 3033 837 3111 lorti,
864 3035 973 3096 effusus
990 3051 1045 3114 pro
1063 3033 1189 3112 copioso

186 3117 337 3195 accipitur.
386 3115 534 3178 Maledicit
557 3127 652 3180 autem
675 3118 835 3184 ineruditus
859 3119 988 3199 apertius
1017 3127 1047 3179 et
1069 3117 1190 3197 saepias

184 3198 234 3259 rel
258 3217 322 3260 oum
344 3198 477 3279 periculo
489 3206 633 3292 ‚suscepti
658 3205 812 3283 litigatoris
830 3203 1002 3286 frequenter
1019 3203 1105 3264 etiam
1120 3217 1187 3261 suo.

155 3280 279 3342 andan
296 3291 326 3343 et
341 3284 395 3344 ista
410 3303 460 3346 res
476 3286 659 3366 opinionem,
684 3291 750 3369 quia
772 3289 962 3350 libentissime
983 3287 1114 3348 homines
1137 3303 1184 3346 au·

186 3365 265 3425 diunt
281 3385 327 3442 ea,
346 3386 421 3447 quae
437 3370 538 3432 dicere
554 3373 610 3451 ipsi
624 3374 795 3435 noluissent.
826 3373 901 3435 Illud
917 3389 1035 3453 quoque
1051 3371 1185 3446 alterum,

185 3447 263 3516 cuod
280 3459 324 3511 est
339 3452 367 3512 in
383 3455 550 3517 elocutione
567 3457 648 3537 ipsa,
664 3457 841 3538 periculum,
857 3458 949 3518 minus
965 3457 1035 3516 vitat
1051 3462 1186 3516 conatur«
