2592 3940
201 183 264 248 226
522 195 883 256 mesenurrunmmru

200 354 352 434 pecuniam
364 369 444 413 suam
459 349 589 430 pluribus
605 350 742 428 largitur,
764 349 820 425 ita,
843 365 918 428 quae
935 348 1065 412 formans.
1102 349 1208 414 Verba

201 446 266 498 sunt
281 438 309 496 in
324 437 369 497 luis
385 435 488 496 similia
502 434 661 495 vetustatis
675 442 704 493 et
719 433 904 512 larpilimir,
922 433 966 493 vis
981 435 1098 515 quidem
1112 435 1208 514 longe

157 522 316 586 iidiuersa
329 520 532 600 [perorasset
544 516 722 594 andsitioel.
745 514 846 596 ltaque
858 517 886 576 in
898 516 1208 595 boogeneremexime

178 604 363 682 ‘quaesitum
387 601 533 663 absimile
549 602 602 677 sit,
623 599 701 681 quod
716 599 847 661 infertur.
886 599 981 662 Etiam
996 603 1098 665 inillis
1114 604 1204 664 inter·
1275 599 1276 612 ¹

201 685 399 765 rogationibus
422 686 569 760 Socratis,
597 695 716 764 quarum]
737 683 825 763 paulo
845 693 911 744 ante
933 685 992 745 ieoi
1015 687 1204 764 mentionem,

202 769 375 845 eruendum,
404 787 440 828 ne
462 769 577 828 inonute
600 767 796 846 respondeam
825 777 855 826 ιιι
875 767 950 846 apud
966 767 1133 832 Aeschinen
1148 772 1203 832 So·

201 855 339 913 oratioum
360 851 435 912 male
455 851 606 931 respondit
625 850 769 930 Aspasiae
790 849 992 931 Xenophontis
1008 872 1101 930 uxor,
1123 855 1203 935 quod

157 933 306 1000 meinero
323 936 367 996 bis
382 933 481 994 verbis
497 934 651 996 transfert:
672 933 733 996 Dio
746 935 836 1012 milti,
853 951 980 1014 quaeso,
997 935 1204 1017 Xenophontis

199 1038 290 1096 neor,
305 1022 334 1081 si
348 1019 452 1081 meino
469 1028 523 1081 tuo
538 1020 645 1081 melius
658 1019 771 1080 babeat
787 1037 914 1096 nomm,
933 1035 1026 1097 qaum
1040 1031 1072 1084 to
1086 1023 1204 1084 bobes.-

200 1111 340 1165 ntrnmne
362 1102 447 1165 illine
465 1122 507 1164 on
530 1111 613 1165 inum
632 1103 743 1165 maiis?
783 1099 888 1180 lilino,
918 1105 1025 1183 inquit.
1070 1102 1155 1179 onte
1175 1107 1204 1166 si

199 1193 314 1250 oetienr
325 1193 356 1252 ei
364 1192 498 1250 ceterum
509 1195 650 1250 ornatum
660 1186 835 1248 muliebrem
842 1188 936 1268 pretii
945 1189 1202 1264 maiorisltobeot,

201 1285 294 1350 qnam
313 1279 345 1333 tn
365 1271 478 1334 bobes.-
501 1278 624 1333 tuamne
638 1287 680 1331 on
696 1271 779 1331 illins
793 1271 904 1332 moliri
938 1269 1026 1333 libem
1039 1289 1129 1350 oero,
1151 1291 1203 1334 re·

200 1356 332 1435 spondit.
376 1350 416 1414 Ar
437 1353 528 1431 oedo,
550 1355 664 1432 inquit,
686 1355 714 1414 ei
728 1353 827 1414 sirum
841 1356 896 1416 iiio
909 1356 1063 1418 meliorem
1078 1357 1203 1432 babent,

158 1445 293 1518 tiquam
308 1445 340 1500 in
354 1436 466 1498 bobes:
486 1444 628 1498 utrumne
642 1443 723 1498 loom
737 1438 837 1497 oirnm
851 1440 941 1500 molis
956 1459 998 1500 on
1013 1439 1117 1502 iltius?
1148 1438 1202 1499 llie

200 1521 304 1581 mulier
325 1517 454 1595 erubuit,
479 1520 595 1588 meritum
625 1522 700 1580 male
723 1520 799 1580 enim
820 1521 1027 1599 responderat,
1055 1543 1091 1586 ee
1111 1523 1204 1585 malie

199 1606 334 1668 alienum
348 1623 459 1667 aarum
477 1619 570 1685 qnam
582 1623 688 1675 sunm·
711 1607 836 1664 nemesi
852 1605 880 1666 id
896 1605 1066 1685 improbum.
1102 1604 1158 1681 m,
1177 1607 1202 1665 si

200 1689 417 1767 respondisset,
443 1689 534 1752 molle
551 1706 586 1750 re
607 1706 718 1748 eornm
733 1705 821 1749 enom
836 1690 897 1750 tole
913 1708 995 1766 esse,
1018 1691 1110 1768 qnole
1122 1690 1203 1751 ittnd

200 1781 297 1851 esset,
320 1773 464 1852 potuisset
485 1772 590 1852 pudioe
606 1771 802 1851 respondere,
832 1773 922 1834 mette
941 1791 975 1835 se
994 1775 1093 1835 oirnm
1112 1791 1202 1834 enum

200 1857 290 1918 lolem
305 1875 389 1933 esse,
412 1858 512 1935 quotie
525 1856 630 1919 melior
645 1864 732 1918 esset.
1275 1863 1276 1868 ’

156 1943 192 1996 30
284 1941 353 2001 Seio
369 1940 507 2020 quosdam
525 1941 599 1999 inani
614 1939 763 2017 diligentia
780 1957 833 2018 per
847 1940 1048 2000 minutissimas
1063 1941 1120 2001 iste
1134 1957 1199 2018 par·
1275 1981 1276 2006 2

200 2033 244 2083 tes
265 2025 415 2098 senuisse,
446 2033 475 2082 et
492 2041 560 2082 esse
580 2022 687 2101 aliquid
702 2024 793 2082 minus
814 2023 924 2098 simile,
946 2032 977 2083 ut
994 2024 1074 2083 simia
1091 2022 1200 2083 homini

200 2115 229 2165 et
250 2121 393 2166 marmore
414 2105 574 2166 deformata
599 2107 688 2182 prima
709 2123 807 2181 manu,
836 2105 944 2185 aliquid
964 2107 1046 2185 plus,
1069 2106 1200 2182 utillud,
1275 2181 1276 2190 χ

198 2186 266 2248 Non
287 2207 375 2250 oonm
395 2194 457 2250 tom
471 2190 568 2250 sintiie
584 2207 657 2258 ooo,·
679 2196 708 2247 et
723 2188 908 2249 dissimilibus
925 2191 1022 2250 inesse
1038 2189 1148 2265 simile,
1171 2199 1201 2248 ut
1275 2215 1276 2220 ¹

198 2271 337 2331 lormioae
354 2279 384 2329 ot
398 2271 554 2349 elephanto
569 2289 679 2350 genus,
697 2272 764 2350 quin
775 2281 840 2333 suut
852 2271 999 2342 animalia:
1019 2282 1048 2334 et
1059 2272 1201 2335 similibus

199 2354 352 2431 dissimile,
374 2363 405 2414 ut
417 2389 459 2402 -
474 2352 609 2420 Canibus
626 2357 742 2417 rotulos
757 2362 786 2417 et
802 2359 952 2419 matribus
966 2355 1095 2434 boerias,
1118 2357 1200 2418 dide·

156 2445 189 2500 31
198 2447 262 2498 runt
284 2440 358 2498 euim
378 2447 490 2508 aetate;
521 2440 728 2500 contrariorum
744 2455 865 2518 quoquo
881 2441 965 2502 aliter
988 2441 1082 2519 neeipi
1105 2457 1200 2519 oppo·
1275 2481 1276 2508 ι

199 2523 269 2598 sita,
292 2531 323 2582 ut
338 2531 453 2583 nostem
469 2523 546 2598 luel,
568 2522 653 2584 aliter
670 2524 774 2600 noxia,
797 2531 828 2582 ut
844 2541 946 2603 aquam
962 2524 1095 2602 frigidam
1111 2523 1200 2599 iebri,
1275 2529 1276 2576 l

198 2605 284 2666 aliter
299 2608 505 2684 repugnantia,
528 2616 559 2665 ut
573 2623 672 2665 verum
688 2605 783 2684 lalso,
807 2607 891 2667 aliter
905 2608 1067 2688 disparata,
1085 2615 1117 2667 ut
1129 2607 1200 2667 dura

197 2706 255 2750 non
276 2688 369 2758 duris;
396 2690 465 2766 sed,
494 2690 562 2768 quid
583 2688 657 2749 haee
679 2690 869 2769 adpraesens
884 2691 1065 2770 propositum
1080 2705 1200 2767 magno-

197 2789 270 2850 pere
286 2774 464 2850 pertineant,
488 2791 545 2832 non
559 2774 687 2850 reperio.

152 2865 209 2919 32·
281 2852 357 2914 lllud
377 2865 422 2916 est
444 2857 633 2917 annotandum
655 2858 763 2934 magis,
796 2865 962 2935 argumenta
984 2857 1050 2918 duel
1072 2874 1110 2918 ex
1136 2857 1201 2916 iure

197 2937 296 2998 simili:
325 2947 355 2997 ut
372 2937 477 2998 Gioero
501 2941 530 2999 in
550 2939 685 3019 Topicis,
717 2938 775 3016 lli,
801 2943 853 3002 oni
868 2943 974 3003 domur
989 2959 1065 3003 nene
1077 2940 1204 3018 fruetus

196 3023 322 3084 relictos
338 3023 392 3099 sit,
414 3042 475 3085 non
489 3024 696 3086 restitutorum
711 3023 872 3102 heredem,
894 3025 923 3085 si
937 3026 1107 3101 corruerit,
1126 3025 1203 3102 qnia
1275 3073 1276 3080 ,

196 3125 256 3168 non
270 3108 411 3168 restituat
424 3125 565 3186 servom,
584 3110 614 3170 si
628 3108 656 3168 is
671 3109 858 3180 decesseritr
878 3127 916 3168 ex
931 3109 1092 3168 contrario:
1116 3105 1205 3181 Nibil
1275 3151 1276 3200 p

196 3190 310 3266 obstat,
328 3205 387 3268 qno
398 3192 497 3253 minos
507 3194 617 3254 instrum
627 3191 848 3253 matrimonium
859 3193 898 3252 sit
909 3199 1006 3254 mente
1018 3192 1204 3266 coeuntium,

197 3275 316 3335 etiamsi
331 3275 456 3339 tabulae
469 3277 610 3356 sipnotoe
623 3293 683 3336 non
697 3275 824 3354 (inerint.
868 3271 951 3337 Nibii
967 3277 1045 3337 enim
1058 3276 1205 3355 proderit
1273 3319 1274 3330 ,

197 3357 338 3436 ripenses
360 3361 500 3435 rabulos,
528 3361 557 3420 ei
576 3367 703 3420 mentem
725 3360 910 3422 matrimonii
930 3377 991 3420 non
1010 3359 1109 3439 federe
1125 3375 1201 3420 eon-

156 3441 304 3512 merome
322 3459 360 3501 ex
375 3441 522 3518 dissimili,
541 3441 628 3520 quale
644 3449 689 3501 est
704 3441 854 3502 Ciceronis
870 3459 924 3521 pro
941 3439 1081 3504 Caenina:
1107 3439 1155 3518 Ul,
1172 3442 1204 3503 si
