2608 3948
191 160 251 222 104
510 172 872 234 m.ssn.ou1uu1n1au1

189 323 318 390 subitur?
334 327 463 391 dieamus
476 328 528 391 has
540 327 721 404 geometriae
732 346 800 388 esse
814 334 922 406 partes.
944 325 1086 406 Equidem
1098 329 1192 392 omnia

190 412 254 472 fere
276 412 366 473 eredo
391 430 481 492 posse
507 428 576 471 oasu
601 410 699 488 aiiquo
719 414 821 473 venire
846 412 875 470 in
898 410 1025 472 oiiioium
1050 414 1191 483 oratoriar

191 495 310 576 quodsi
325 514 383 557 non
399 495 528 570 assidet,
549 511 606 554 non
622 504 705 555 erunt
720 498 747 557 ei
763 494 903 580 subiecta.

148 589 183 642 to
274 578 317 641 lta
332 583 376 642 sio
391 596 508 658 quoquo
523 589 606 639 reete
622 581 760 656 diximus,
775 581 960 641 materiam
976 579 1192 641 rhetorioes

192 683 277 726 esse
303 681 422 724 omnes
450 680 511 723 res
535 663 575 724 ad
600 664 790 725 dicendum
817 666 850 725 ei
876 663 1085 733 subiectam
1115 663 1193 743 quod

191 748 307 828 quidem
329 746 433 825 probat
454 748 541 808 etiam
564 765 660 808 sermo
683 749 851 809 eommunis.
887 747 960 808 Nam
984 765 1049 808 eum
1072 747 1191 825 aliquid,

191 833 228 893 de
252 846 309 909 quo
333 829 478 906 dieamus,
499 834 680 911 accepimus,
706 834 830 911 positam
851 831 934 892 nobis
956 849 1024 892 esse
1045 833 1193 892 materiam

150 916 361 993 ‘infrequenter
376 916 460 976 etiam
475 916 658 995 praefatione
672 924 819 976 testamur.
847 915 969 991 Gorgias
986 914 1100 994 quidem
1116 916 1192 977 adeo

191 998 301 1058 rhetori
322 997 359 1058 de
380 998 511 1060 omnibus
533 999 621 1060 rebus
642 1001 752 1078 putavit
773 1017 840 1060 osse
863 997 1033 1074 dicendum,
1054 1008 1085 1058 ut
1109 1017 1142 1059 ss
1163 1001 1193 1058 in
1275 1075 1279 1080 1

191 1083 341 1144 auditoriis
362 1081 537 1162 interrogari
559 1092 725 1164 pateretur,
753 1100 808 1161 qua
831 1084 955 1162 quisque
978 1082 1020 1142 de
1035 1099 1068 1142 re
1089 1083 1192 1144 vellet.

191 1164 387 1244 Hermagoras
409 1186 542 1250 quoque,
564 1167 688 1231 dioendo
709 1168 859 1227 materiam
876 1184 944 1226 esse
959 1166 988 1225 in
1009 1180 1097 1226 eausa
1115 1174 1145 1227 et
1164 1167 1194 1226 in

149 1250 426 1330 mquaestionibus,
456 1270 555 1313 omnes
579 1271 631 1312 res.
654 1251 800 1311 subiectas
823 1259 884 1310 erat
906 1247 1086 1327 complexus.
1133 1249 1196 1310 Sed

192 1337 380 1413 quaestiones
401 1338 427 1396 si
444 1343 532 1413 negat
547 1336 582 1397 ad
597 1335 764 1396 rhetoricen
778 1336 942 1414 pertinere,
961 1332 1094 1393 dissentit
1108 1349 1125 1391 a
1141 1349 1195 1391 no·

191 1417 251 1486 iris;
272 1419 297 1478 si
312 1428 409 1479 autem
429 1419 465 1479 ad
482 1419 649 1480 rhetoricen
664 1421 824 1498 pertinent,
845 1418 880 1480 ab
901 1417 959 1478 iroe
981 1431 1098 1495 quoque
1113 1415 1194 1476 adiu·

191 1516 299 1560 vamur.
331 1500 409 1563 Nihil
426 1511 471 1562 est
485 1505 575 1579 enim,
594 1503 673 1582 quod
686 1519 744 1563 non
757 1505 787 1564 in
802 1519 918 1564 eausam
929 1508 977 1561 aut
992 1501 1194 1578 quaestionem

149 1584 284 1646 attendat.
316 1584 493 1648 Aristoteles
510 1596 570 1646 tres
585 1586 720 1648 iaeiendo
736 1596 835 1666 partes
852 1586 1001 1660 orationis,
1017 1582 1192 1659 iudicialem,

192 1667 426 1745 deliberativam,
450 1670 720 1747 demonstrativam,
740 1689 835 1750 paene
856 1679 887 1730 et
909 1671 974 1748 ipse
996 1669 1105 1728 oratori
1126 1666 1191 1727 sub-

192 1754 261 1812 ieeit
278 1755 386 1823 omnim
407 1754 477 1815 nihii
495 1757 569 1816 enim
586 1772 644 1815 non
658 1757 687 1814 in
702 1754 776 1815 haee
794 1753 879 1815 eadit.

149 1844 184 1899 24
275 1837 445 1910 Quaesitum
460 1857 476 1900 a
491 1839 672 1920 paucissimis
689 1847 718 1898 et
732 1839 769 1899 de
786 1839 974 1898 instrumento
992 1845 1047 1896 est.
1085 1835 1192 1896 Instru-

192 1929 316 1980 mentum
330 1937 425 1999 roeo,
447 1925 509 1984 siue
526 1940 583 2003 quo
601 1923 720 1983 formari
734 1923 854 1983 materia
872 1922 958 1997 inid,
980 1920 1057 1999 quod
1069 1919 1193 1980 velimus

193 2003 288 2079 effici,
314 2022 388 2082 opus
410 2023 468 2066 non
489 2009 591 2086 possit.
624 2006 734 2066 Verum
757 2007 814 2068 hoe
835 2022 892 2083 ego
915 2021 972 2066 non
994 2013 1086 2065 antem
1103 2002 1193 2063 eredo

193 2103 283 2161 egere
299 2089 352 2148 sed
372 2089 520 2150 artificem.
557 2089 661 2168 Neque
684 2090 758 2150 enim
780 2091 901 2150 seientia
922 2088 1069 2150 desiderat
1089 2089 1194 2147 instru-

191 2177 332 2246 mentum,
353 2188 428 2249 quae
443 2182 542 2251 potest
560 2190 627 2233 esse
646 2183 857 2249 consummata,
878 2174 991 2234 etiamsi
1007 2170 1078 2232 nihil
1094 2171 1193 2246 faeiat,

192 2251 245 2311 sed
272 2252 323 2312 iiie
350 2255 470 2332 artifex,
503 2267 534 2318 ut
562 2256 694 2317 eaelator
722 2256 834 2318 eaelum
859 2267 889 2318 et
920 2257 1016 2338 pistor
1045 2253 1193 2335 penicilla.

191 2332 293 2413 ltaque
313 2336 388 2398 iraee
410 2341 438 2400 in
459 2358 524 2402 eum
545 2341 657 2418 iocum,
682 2358 739 2420 quo
762 2341 799 2402 de
820 2351 938 2404 oratore
957 2341 1059 2402 dicturi
1083 2355 1193 2413 sumus,

192 2416 366 2480 differamus.
