2570 3946
376 233 467 284 mrsu.
491 233 641 286 caenon.
663 234 734 284 cre.
755 234 785 303 1,
808 233 852 287 11.
1078 221 1118 286 53

117 391 247 454 amnibus
267 359 356 452 rebus
377 389 546 467 dicendum,
574 389 655 450 nullo
679 389 767 454 modo
787 391 850 452 sine
868 391 1030 468 geometria
1051 407 1120 452 ease

116 477 210 556 possit
231 484 341 537 orator.

155 627 199 680 DE
215 627 320 679 PRIMA
337 625 631 680 PRONUNTIATIONIS
647 627 690 678 ET
709 624 833 701 ansulis
851 624 1085 680 Institutione.
1156 687 1158 692 Ι

199 725 250 788 XI.
272 723 406 796 Dandum
420 722 528 804 aliquid
542 724 686 786 comoedo
700 742 827 804 quoque,
840 725 906 786 dum
918 735 1050 803 eatenus,
1063 745 1120 805 qua

114 809 317 894 pronuntiandi
335 810 486 870 scientiam
506 809 619 870 iuturus
642 817 741 870 orator
763 808 920 871 desiderat.
956 809 1023 872 Non
1045 813 1121 872 enim

115 912 253 977 puerum,
275 911 361 972 quem
382 894 412 955 in
429 892 488 956 boc
503 893 694 970 instituimus,
717 901 766 956 aut
786 894 929 955 femineae
954 896 1038 956 vocis
1059 897 1120 956 eri·

115 981 198 1042 litate
218 978 312 1056 frangi
342 976 411 1038 volo
440 984 488 1038 aut
518 977 650 1038 seniliter
674 985 810 1038 tremere.
854 976 918 1038 Neo
933 979 1002 1040 vitia
1026 978 1150 1043 ebrie-t

115 1065 182 1125 tatis
208 1062 327 1140 effingat
347 1079 444 1140 neque
462 1061 563 1122 servili
579 1061 744 1124 vernilitate
761 1061 904 1122 imbuatur
924 1080 980 1122 nec
1002 1064 1120 1140 amoris,

115 1147 271 1223 avaritiae,
297 1154 390 1206 metus
411 1145 506 1206 disca
526 1144 678 1213 allectum
703 1163 778 1224 quae
801 1163 897 1224 neque
924 1149 1033 1207 oratori
1056 1155 1122 1207 sunt

115 1231 284 1294 necessaria
311 1239 342 1290 et
362 1237 505 1305 mentem,
529 1229 690 1308 praecipue
711 1229 741 1290 in
761 1237 858 1292 aetate
880 1230 973 1308 prima
992 1239 1122 1291 teneram

116 1315 263 1378 adlucet
286 1313 404 1391 rudem,
432 1313 570 1375 inliciunt.
614 1311 687 1374 Nam
709 1312 849 1392 frequens
875 1313 994 1374 imitatio
1016 1316 1147 1380 trameitd

115 1402 271 1461 immores.
316 1395 361 1456 Ne
382 1405 485 1475 gestus
503 1395 618 1475 quidem
637 1397 733 1458 'omnis
756 1415 792 1458 ac
814 1405 909 1458 motus
933 1415 950 1460 a
972 1399 1121 1460 comoedis

115 1482 259 1563 petendus
283 1489 338 1540 ast.
385 1479 555 1564 Quemquam
579 1482 655 1540 euim
675 1488 828 1559 utrumque
851 1498 952 1544 eorum
974 1481 1011 1544 ad
1031 1501 1122 1563 quen·

116 1569 181 1632 dam
196 1565 318 1648 ,modum
340 1563 604 1643 praestaredebet
626 1573 741 1635 orator;
764 1565 917 1646 plurimum
933 1575 1030 1628 tamen
1053 1567 1122 1630 abe·

114 1653 154 1714 rit
170 1669 187 1712 a
202 1649 334 1724 scenico,
352 1666 409 1708 nec
423 1648 504 1708 vultu
518 1665 575 1710 nec
594 1666 678 1711 mann
693 1667 750 1708 nec
768 1649 991 1712 excursionibus
1008 1651 1121 1713 nimius.

114 1734 188 1796 liam
209 1735 235 1794 si
255 1750 311 1812 qua
332 1734 361 1792 in
377 1732 422 1794 his
443 1750 490 1794 ars
512 1740 558 1794 est
575 1731 747 1810 dicentium,
772 1751 807 1794 ea
824 1737 915 1813 prima
931 1743 993 1811 est,
1016 1753 1052 1795 ne
1075 1752 1122 1796 ars

116 1837 184 1880 csse
205 1818 347 1878 uideatur.

201 1900 287 1976 Quod
309 1909 355 1960 eat
375 1901 463 1980 igitur
480 1900 565 1961 buius
579 1901 710 1962 doctoris
729 1897 880 1962 cilicium?
914 1899 1056 1980 Imprimis
1079 1902 1148 1964 tri-4

115 1988 155 2048 tia
184 1987 209 2045 si
232 2002 289 2063 qua
311 1992 376 2045 sunt
402 1985 463 2044 oris
485 1982 636 2061 emendet,
664 1993 695 2044 ut
717 2000 860 2063 expressa
882 1984 941 2044 sint
963 1984 1071 2061 verba,
1091 1994 1123 2046 ut

115 2071 177 2131 suis
199 2085 334 2149 quaeque
357 2068 473 2128 litterae
496 2069 576 2128 sonis
604 2069 797 2130 enuntientur.
842 2068 1025 2142 Quarundam
1048 2069 1123 2128 enim

114 2154 164 2214 vel
187 2153 318 2214 exilitate
340 2153 388 2213 vel
411 2153 588 2231 pinguedine
608 2153 694 2214 nimia
715 2152 892 2228 laboramus,
916 2154 1055 2232 quaedam
1071 2171 1122 2214 ve·

115 2239 159 2300 lut
180 2239 310 2299 acriores
338 2255 440 2316 parum
469 2236 611 2298 eiiicimus
642 2245 671 2296 et
694 2237 757 2297 aliia
779 2253 838 2298 non
859 2237 1045 2299 dissimilibus
1068 2237 1122 2297 sed

116 2324 199 2402 quasi
221 2319 422 2384 hebetioribus
444 2328 648 2400 permutamus.
695 2320 811 2401 Quippe
833 2320 898 2382 Rho
916 2321 1047 2398 litterae,
1067 2327 1148 2399 quai>

116 2404 332 2466 Demosthenes
360 2422 478 2484 quoque
500 2404 661 2480 laboravit,
691 2403 789 2466 Labda
815 2406 948 2466 succedit
980 2406 1124 2484 (quartum

116 2490 161 2550 ris
183 2497 229 2548 est
256 2486 332 2567 apud
359 2505 413 2548 nos
440 2489 589 2569 quoque);
620 2497 650 2548 et
677 2505 741 2548 cum
766 2485 789 2548 G
814 2506 849 2548 ac
870 2489 1003 2550 similiter
1021 2488 1045 2550 ii
1065 2503 1123 2548 non

116 2571 286 2648 valuerunt,
309 2572 338 2631 in
360 2570 384 2631 'l'
411 2589 446 2632 ac
467 2571 494 2631 l)
517 2572 710 2633 emolliuntur.
750 2569 796 2631 Ne
818 2570 884 2632 illas
906 2572 1022 2651 quidem
1044 2572 1147 2633 circa6

116 2659 137 2720 S
159 2658 284 2719 litteram
306 2654 429 2716 delicias
451 2654 500 2715 bic
522 2655 661 2732 magister
682 2655 769 2731 ieret,
793 2672 849 2715 nec
869 2655 960 2718 narba
984 2657 1014 2716 in
1031 2655 1121 2716 fauci-

115 2741 170 2802 bus
191 2741 316 2821 patietur
333 2737 442 2816 audin,
466 2756 524 2798 nec
544 2741 604 2798 oris
623 2739 761 2800 inanitate
777 2755 929 2818 resonare,
952 2758 1018 2815 nec,
1043 2738 1122 2819 quod

114 2827 230 2888 minime
254 2825 383 2886 sermoni
404 2839 479 2902 puro
503 2823 673 2900 conveniat,
702 2822 864 2901 simplicem
884 2825 968 2885 vocis
993 2833 1123 2886 naturam

115 2911 250 2990 pleniore
273 2909 398 2989 quodam
420 2924 495 2969 sono
524 2906 733 2982 circumlinire,
760 2906 838 2986 quod
866 2907 972 2970 Graeci
999 2927 1123 2970 amnne

114 2992 285 3072 miaopdvov
302 2994 411 3055 dicunt.
442 2993 492 3054 Sic
510 2991 774 3072 appellatnrsonus
785 2991 929 3070 tibiarum,
947 3010 1023 3071 quae
1040 2995 1148 3070 prae-i

117 3077 207 3137 clusis
230 3077 333 3156 quibus
352 3076 519 3138 clarescunt
536 3074 733 3152 foraminibus,
757 3085 841 3138 recto
858 3077 945 3140 modo
963 3079 1042 3137 exitu
1055 3091 1122 3150 gra·

116 3162 229 3220 aionem
249 3162 379 3240 spiritum
400 3161 532 3222 reddunt.

202 3242 445 3322 corcomenon,
474 3263 512 3306 ne
538 3252 686 3306 extremae
715 3244 848 3321 syllabae
877 3241 1064 3310 intercidant3
1091 3249 1148 3304 uid

117 3347 172 3410 par
192 3327 248 3389 sibi
270 3344 366 3388 sermo
390 3329 442 3398 sit;
463 3338 511 3405 ut,
534 3330 670 3408 quotiens
693 3327 999 3402 exclamandumerit,
1021 3324 1122 3386 lateris

118 3422 240 3476 conatus
258 3413 296 3472 sit
311 3410 363 3472 ille
384 3427 442 3472 non
460 3413 579 3492 capitis;
601 3422 632 3472 ut
651 3421 753 3490 gestus
776 3411 813 3472 ad
829 3427 950 3487 vocem,
973 3409 1070 3470 vultus
1087 3408 1122 3468 ad

117 3507 233 3576 gestum
255 3494 501 3558 accommodetur.
547 3495 767 3557 Observandum
792 3496 847 3555 erit
867 3497 969 3572 etiam,
991 3502 1023 3554 ut
1042 3501 1148 3556 nectat
