2570 3946
192 201 233 264 72
513 211 877 274 u.rrn.ou1un1u1na1

149 366 279 437 lbsunt‘i
311 369 393 432 Sicut
408 368 446 430 de
462 387 496 429 re
517 369 644 445 militari,
665 386 828 450 quanquam
845 378 911 452 sunt
931 369 1036 431 tradita
1053 372 1203 450 quaedam

192 462 351 535 praecepta
368 454 539 530 communia,
556 454 759 530 magistamen
771 452 902 532 proderit
917 454 1006 530 scire,
1023 471 1080 533 qua
1092 453 1200 516 ducum

192 541 315 620 quisque
341 539 471 614 ratione,
493 539 523 598 in
547 536 626 617 quali
647 554 698 612 ro,
720 546 872 616 tempore,
894 537 963 598 loco
987 538 1025 598 sit
1047 539 1202 617 sapienter

191 640 260 682 usus
276 631 324 684 aut
340 631 451 682 contra.
491 619 564 681 llam
579 622 608 680 in
625 620 756 682 omnibus
771 621 835 682 iere
850 622 943 681 miuus
957 621 1058 682 ualent
1072 639 1199 701 praece-

150 714 183 770 16
190 714 240 786 pta
259 723 345 786 quam
361 706 571 783 experimenta.
602 704 648 764 An
663 721 736 766 vero
752 704 927 767 declamabit
942 705 1058 784 quidem
1073 723 1199 785 praeee-

191 799 274 870 ptor,
297 799 327 850 ut
345 790 383 849 sit
405 789 541 868 exemplo
566 789 625 848 suis
649 789 843 858 auditorihns;
865 806 922 848 non
937 788 1004 868 plus
1021 789 1201 852 contulerint

190 875 260 936 lecti
277 870 384 935 Gicero
409 882 457 933 aut
472 869 707 934 Demosthenes?
745 870 919 950 [lorriqetur
940 872 1053 953 palam,
1078 875 1103 934 si
1127 874 1199 954 quid

191 959 220 1017 in
235 956 426 1018 declamando
439 956 599 1036 discipulus
615 959 772 1026 erraverit;
790 973 848 1018 non
863 958 1011 1036 potentius
1028 958 1083 1018 erit
1097 975 1198 1018 emen-

191 1041 262 1103 dare
284 1043 462 1118 oraticnem,
483 1042 552 1121 quin
575 1041 660 1100 immo
683 1042 768 1101 etiam
791 1037 965 1101 iucundius?
998 1040 1104 1102 Aliena
1120 1044 1199 1104 enim

150 1124 182 1184 17
190 1125 259 1185 vitia
286 1124 462 1204 reprehendi
487 1127 611 1205 quisque
635 1125 743 1185 mavult
767 1142 853 1205 quam
878 1143 940 1185 sua.
988 1124 1052 1186 Nec
1075 1125 1199 1188 deerant

191 1207 289 1288 plura,
310 1227 385 1288 quae
400 1210 544 1278 dicerem;
563 1208 616 1269 sed
631 1209 774 1269 neminem
790 1209 865 1270 haec
880 1209 989 1270 utilitas
1005 1209 1089 1286 fugit,
1108 1219 1197 1290 atque

191 1293 297 1353 utinam
314 1301 444 1354 tamnen
459 1294 559 1372 pigeat
574 1294 675 1353 iacere
693 1292 768 1353 istud
786 1311 871 1374 qnam
888 1309 946 1353 non
961 1293 1138 1372 displicebit.

151 1378 185 1434 18
276 1375 361 1450 Quod
383 1378 408 1436 si
430 1378 559 1455 potuerit
586 1375 727 1452 obtineri,
753 1377 871 1437 nonita
897 1376 1025 1438 diihcilis
1051 1378 1199 1456 supererit

192 1461 342 1541 quaestio,
367 1462 416 1541 qui
438 1459 556 1538 legendi
574 1459 630 1520 sint
650 1460 864 1540 incipientibus.
895 1459 968 1522 Nam
990 1461 1106 1541 quidam
1126 1461 1198 1523 illos

190 1545 335 1618 minores,
362 1546 428 1623 quia
454 1542 570 1604 facilior
589 1544 757 1605 intellectus
782 1544 952 1621 videbatur,
981 1545 1197 1625 probaverunt;

191 1628 240 1689 alii
255 1626 385 1687 floridius
403 1619 512 1704 penus,
536 1636 567 1689 ut
587 1629 623 1689 ad
645 1628 748 1689 alenda
763 1631 920 1708 primarum
937 1633 1063 1690 aetatum
1079 1631 1197 1707 ingenia

149 1712 284 1789 lemugis
307 1712 564 1773 accommodatum.
603 1711 670 1791 ligo
694 1713 821 1792 optimos
852 1713 970 1793 quidem
992 1722 1026 1798 ot
1043 1715 1139 1774 statim
1166 1723 1200 1774 et

191 1813 309 1875 semper
324 1796 377 1856 sed
392 1805 487 1856 tamen
503 1814 604 1857 sorum
617 1795 849 1858 candidissimum
865 1815 1010 1878 quemque
1025 1805 1056 1857 et
1071 1798 1197 1859 maxime

192 1882 356 1958 expositum
371 1881 476 1957 uelim,
495 1890 526 1941 ιι
536 1879 645 1942 bivium
659 1881 786 1960 apueris
803 1882 895 1958 magis
910 1899 997 1961 quam
1009 1880 1193 1948 Sallustium

192 1972 221 2025 et
235 1964 284 2025 hic
299 1965 439 2024 historiae
455 1967 548 2026 maior
563 1975 610 2026 est
624 1975 745 2041 auctor,
764 1966 800 2027 ad
816 1984 903 2045 quem
918 1974 1015 2026 tamen
1029 1964 1197 2044 intelligen·
1273 1977 1274 1980 ’

148 2048 257 2109 dodum
272 2050 328 2108 iam
342 2048 479 2126 proiectu
496 2065 570 2127 opus
586 2049 632 2108 sit.
665 2047 789 2125 Cicero,
806 2059 837 2110 ut
851 2049 920 2110 mihi
936 2050 1052 2130 quidem
1067 2048 1197 2126 videtur,

192 2140 222 2192 et
241 2131 383 2191 iucundus
407 2131 612 2210 incipientibus
634 2149 753 2213 quoquo
775 2142 804 2193 et
826 2143 945 2215 apertus
967 2142 1012 2194 est
1028 2133 1116 2209 satis,
1139 2150 1197 2193 nec

191 2214 335 2293 prodesse
351 2223 458 2275 tantum
470 2215 523 2276 sed
541 2217 626 2276 ctiam
638 2217 727 2278 amari
741 2227 850 2296 potest,
867 2228 926 2279 tum
939 2216 1197 2298 (quemadmodum

190 2297 287 2357 livius
303 2299 462 2380 praecipit)
481 2301 652 2380 utquisque
670 2301 725 2361 erit
740 2300 877 2363 Ciceroni
895 2303 1065 2363 simillimus.

148 2385 181 2437 hl
274 2380 339 2442 Duc
356 2391 451 2443 autem
465 2401 576 2462 genera
591 2386 714 2446 maxime
731 2387 859 2447 cavenda
875 2388 974 2465 pueris
991 2395 1076 2464 puto:
1097 2403 1197 2461 uuum,

191 2467 310 2545 ne‘qnis
327 2483 380 2527 ecs
396 2469 573 2547 antiquitatis
589 2471 691 2530 nimius
709 2470 865 2531 admirator
881 2472 910 2530 in
926 2469 1123 2547 Gracchorum
1139 2467 1195 2530 Ga·

190 2551 326 2630 touisque
342 2559 372 2611 et
393 2552 515 2614 aliorum
533 2553 666 2613 similium
690 2555 818 2615 lectione
835 2557 994 2617 durescere
1011 2554 1098 2622 velit;
1125 2553 1197 2614 lient

191 2635 265 2694 enim
282 2634 392 2697 horridi
410 2645 497 2717 atque
519 2638 622 2708 ieiuni;
646 2657 710 2699 nam
727 2656 824 2718 neque
841 2639 899 2699 vim
917 2656 1017 2699 eorum
1040 2637 1135 2700 adhuc
1153 2639 1196 2696 iu-

189 2716 310 2778 tellectu
335 2730 554 2800 consequentur
576 2731 605 2781 et
628 2722 814 2800 elocutione,
839 2741 915 2803 quae
937 2733 997 2784 tum
1019 2723 1082 2782 sine
1106 2720 1195 2783 dubio

190 2809 253 2860 erat
268 2803 376 2879 optima
392 2804 446 2865 sed
461 2806 568 2865 nostris
579 2807 758 2886 temporibus
775 2808 870 2868 aliena
886 2815 942 2884 est,
959 2807 1098 2882 contenti,
1115 2805 1197 2884 quod

146 2891 234 2946 bhest
249 2886 417 2964 pessimum,
434 2888 543 2949 similes
555 2889 610 2952 sibl
625 2892 735 2968 magnis
752 2892 822 2951 viris
838 2890 1020 2953 ridebuntur.
1048 2890 1194 2965 Alterum,

189 2967 267 3046 quod
283 2968 351 3030 huic
368 2971 513 3033 diuersum
530 2983 591 3050 est,
608 2993 644 3034 ne
660 2977 787 3036 recentis
803 2973 888 3036 huius
905 2975 1045 3036 lasciviae
1061 2973 1195 3034 flosculis

190 3052 267 3132 capti
283 3053 435 3132 uoluptate
452 3075 542 3137 prava
566 3059 763 3135 deleniantur,
786 3067 817 3118 ut
834 3059 994 3138 praedulce
1010 3058 1081 3120 illud
1098 3074 1194 3136 genus

188 3145 219 3196 et
233 3137 394 3216 puerilibus
410 3141 532 3218 ingeniis
549 3141 607 3203 hoc
622 3144 743 3220 gratius,
762 3160 820 3222 quc
836 3144 957 3223 propius
975 3151 1030 3219 est,
1048 3142 1193 3203 adament.

145 3216 289 3281 aodimus
314 3230 409 3282 autem
430 3226 544 3286 iudiciis
568 3227 682 3304 iamque
708 3235 791 3287 extra
816 3227 978 3306 periculum
999 3227 1103 3304 positis
1125 3243 1193 3285 sua·

188 3304 275 3364 serim
298 3313 328 3366 et
344 3309 477 3388 antiquos
501 3309 621 3386 legere,
646 3327 683 3370 ex
700 3309 804 3389 quihus
826 3313 851 3370 si
868 3319 1031 3372 assumatur
1046 3308 1141 3371 solida
1157 3325 1195 3370 ac

186 3387 278 3449 virilis
294 3390 402 3468 ingenii
416 3393 472 3468 vis,
491 3393 609 3452 deterso
627 3393 705 3453 rudis
721 3395 832 3456 saeculi
847 3395 997 3475 squalore,
1016 3403 1075 3454 tum
1090 3400 1194 3453 noster

188 3471 236 3534 hic
252 3473 346 3538 cultus
363 3475 471 3535 clauim
488 3475 645 3547 enitescet3
665 3487 695 3538 et
709 3494 819 3556 novos,
842 3481 946 3560 quihus
970 3485 999 3538 et
1014 3477 1085 3556 ipsis
1100 3474 1193 3538 multa
