2592 3940
212 221 274 290 268
536 231 904 294 u.aau.ou1uu1n1uu1

212 391 304 454 eentin
326 389 468 452 eererltaa
490 387 589 466 affert,
611 387 701 468 litque
722 386 874 448 ridiculum
895 387 1049 466 idipsum,
1073 386 1152 464 quod
1168 388 1216 467 qui

211 474 282 536 dicit
297 474 359 551 illa,
373 491 432 535 non
448 471 541 536 ridet:
557 480 712 533 esttamen
728 471 842 532 interim
858 480 887 531 et
903 479 1040 550 aepeetuo
1055 478 1086 530 et
1100 468 1216 532 habitus

154 558 272 636 ¹tioriu
288 566 318 618 et
333 567 436 636 gerone
451 573 509 620 non
532 553 706 633 inurbanus,
726 573 791 618 oum
812 555 847 616 iio
870 553 972 617 modun
994 555 1144 632 contingit
1183 554 1217 616 ld

210 658 311 722 porro,
327 641 407 721 quod
421 642 581 716 dieitur,
604 648 653 701 aut
668 647 713 702 ert
728 639 867 700 laseivnm
884 646 915 699 at
928 637 1039 714 hilare,
1063 638 1160 716 qualia
1177 639 1215 698 Δ.

211 723 322 788 urinae
335 724 492 804 pleraque;
503 732 552 785 aut
564 723 815 800 oontumelioaum,
829 722 926 801 qualia
932 739 1026 802 nuper
1033 719 1105 782 lunii
1116 721 1215 790 Baeai;

209 817 429 967 tillut,
445 804 1217 969 llll“qlllrlllilu'l‘illul-'llll{llll}

167 975 293 1041 uetiam
311 990 447 1036 sermone
463 973 573 1036 laeeiva
587 971 753 1049 humilibus,
769 973 872 1035 hilaria
882 972 1013 1034 omnihus
1030 975 1214 1035 convenient.

208 1057 340 1120 laedere
355 1074 499 1136 nunquam
516 1057 650 1134 velimus,
667 1057 814 1136 longeque
835 1055 910 1119 arbeit
930 1057 1112 1136 proponitum
1127 1057 1215 1118 illud:

208 1138 461 1204 Potiuamma'eum
475 1156 567 1220 quom
580 1142 696 1204 uanum
708 1142 843 1220 perdidi.
870 1139 904 1203 ln
917 1141 973 1202 luae
986 1139 1102 1220 quidam
1117 1157 1216 1219 pugna

208 1223 319 1286 lorensi
334 1225 431 1290 malim
446 1223 514 1286 milui
531 1222 645 1286 lenibus
659 1225 701 1284 uti
716 1224 824 1294 liuere;
847 1240 1048 1303 nonuunquam
1065 1233 1098 1286 et
1113 1233 1214 1284 nonm-

207 1307 332 1371 melloee
349 1319 378 1372 et
392 1325 500 1388 aspere
515 1308 616 1370 (liuere
632 1309 662 1367 in
678 1307 864 1370 adversarios
879 1309 1052 1387 permissum
1068 1316 1131 1384 eet,
1150 1325 1215 1370 euin

209 1409 350 1456 uouuaara
366 1394 453 1454 etlam
468 1392 564 1471 palam
580 1401 611 1452 et
625 1399 712 1470 eaput
729 1392 849 1454 alteriue
871 1393 947 1454 iuste
971 1400 1075 1470 petore
1091 1407 1214 1453 uoneee-

209 1492 271 1537 aum
287 1477 333 1537 eit.
371 1476 431 1540 Sed
455 1475 502 1538 hie
525 1492 642 1555 quoque
660 1484 756 1538 tamen
775 1475 925 1538 inlrumana
948 1475 1041 1538 videri
1062 1475 1140 1536 oolet
1154 1477 1214 1537 ior·

208 1567 295 1619 tunae
317 1560 488 1636 inmutatio,
517 1559 567 1619 vel
589 1559 668 1639 quot
692 1559 779 1638 eulpa
800 1568 881 1622 earet
907 1559 958 1621 vel
978 1559 1057 1640 quod
1078 1560 1214 1622 renidere

209 1643 296 1708 etiam
311 1643 342 1706 in
356 1644 456 1722 ipsos,
478 1643 527 1724 qni
542 1641 729 1719 obiecerunt,
751 1653 860 1722 puteat.
891 1643 1016 1704 Primum
1027 1645 1125 1722 itaque
1144 1657 1213 1703 con-

209 1725 393 1790 siderandum
408 1735 472 1803 eet,
496 1735 526 1788 et
551 1727 615 1806 quia
634 1728 705 1787 etin
720 1745 777 1806 qua
794 1745 881 1789 eausa
897 1735 927 1787 et
943 1726 1019 1806 apud
1034 1745 1121 1806 quem
1139 1735 1170 1788 et
1186 1730 1214 1786 in

165 1817 296 1891 liquam
312 1818 341 1872 et
356 1811 425 1891 quid
439 1811 526 1872 dieat.
564 1807 680 1872 Oratori
701 1811 816 1872 minime
839 1811 976 1872 eonvenit
996 1810 1136 1872 distortus
1150 1809 1212 1872 uul-

208 1901 443 1976 torqueturque,
459 1911 534 1974 quae
550 1893 579 1955 in
595 1894 688 1956 minuis
704 1894 793 1957 rideri
808 1895 916 1956 uolent.
955 1893 1104 1958 Dieaoitan
1127 1895 1213 1955 etiarn

208 1977 340 2042 aturrilia
357 1987 387 2039 et
403 1979 522 2042 atenim
537 1976 605 2040 ltuio
619 1993 766 2056 peronnae
786 1979 962 2041 alienissima
977 1987 1032 2040 aot.
1072 1975 1212 2039 Oheueni-

207 2069 253 2126 lat
274 2077 347 2122 veru
371 2077 430 2124 non
450 2079 467 2123 a
489 2058 589 2124 verbis
610 2070 719 2124 tanturn
739 2060 846 2124 abesae
867 2061 957 2124 dehet
971 2062 1025 2124 aed
1041 2063 1128 2124 etiam
1143 2080 1159 2122 a
1175 2064 1211 2122 ei·

207 2143 404 2222 quilluatione.
442 2144 515 2205 Nam
536 2145 561 2205 si
582 2145 697 2222 qnando
717 2145 804 2207 obiiei
827 2154 942 2226 puteat,
961 2147 1063 2208 nonin
1078 2147 1145 2206 iouo
1162 2163 1211 2206 ex·

164 2224 374 2304 aoprolrrantla
389 2235 443 2288 eet.
484 2224 637 2288 Oratorem
654 2238 809 2307 praeterea
831 2238 863 2290 nt
877 2229 976 2290 dicere
992 2228 1103 2291 urbane
1124 2228 1211 2290 volo:

208 2309 248 2370 ita
263 2311 356 2372 videri
373 2311 512 2373 aieotare
529 2311 569 2387 id,
586 2311 674 2392 plane
691 2313 769 2376 nolo.
802 2312 990 2393 Quapropter
1004 2332 1041 2374 ne
1059 2313 1138 2374 diuet
1150 2315 1211 2393 qui-

207 2392 385 2473 (tantulae,
402 2395 537 2474 quotient
552 2397 677 2474 poterit,
694 2405 724 2458 at
740 2397 846 2459 dietum
861 2400 959 2478 potine
975 2396 1130 2476 aliquando
1146 2414 1211 2475 per·

163 2476 256 2544 uldel
280 2495 365 2557 quarn
397 2480 505 2540 minuet
535 2482 746 2542 auetoritatem.
789 2481 855 2543 Neo
884 2489 1085 2544 aeouoatorem
1116 2489 1212 2542 autern

207 2563 301 2659 atroui
322 2563 351 2624 in
373 2579 478 2638 eausa,
503 2579 559 2624 neo
578 2573 737 2642 patronum
752 2566 781 2626 in
803 2565 962 2627 miserabili
976 2567 1121 2628 iuuentem
1136 2564 1212 2626 ieret

164 2647 592 2810 uttttttultltltt
607 2649 1010 2808 'tlttrttllltlttff
1026 2666 1114 2808 llil
1128 2656 1211 2810 litt

206 2811 235 2871 in
253 2812 602 2890 admurmuratione,
628 2824 677 2876 aut
699 2816 727 2876 iu
742 2814 866 2876 iudioem
882 2816 1036 2880 conveniat
1052 2823 1101 2876 aut
1115 2815 1143 2874 in
1159 2830 1210 2874 no·

207 2901 296 2956 atrurn
312 2913 431 2976 quoque
446 2897 637 2975 litigatorem
661 2915 822 2978 quanquam
839 2899 928 2978 aliqui
945 2901 1145 2979 reperiuntur,
1162 2898 1211 2976 qui

206 2993 243 3040 ne
259 2977 289 3042 id
304 2979 436 3058 quidem,
457 2981 535 3058 quod
550 2984 579 3042 in
593 2983 674 3061 ipeos
692 2981 827 3045 renidere
842 2984 953 3060 pouit,
976 2984 1094 3044 evitent.
1126 2980 1210 3054 Quoi

206 3059 277 3122 ieeit
293 3060 411 3141 Longus
427 3062 593 3142 Sulpicius,
607 3065 671 3144 qni,
691 3066 834 3143 cumipse
850 3065 1038 3128 foedirairnuo
1054 3073 1153 3140 esset,
1173 3065 1210 3124 ait

207 3161 284 3224 eum,
302 3155 403 3208 eontra
419 3163 506 3226 quent
519 3147 625 3210 iudicio
641 3146 755 3208 liberali
781 3148 898 3224 aderat,
921 3167 958 3210 ne
974 3151 1079 3212 iauieru
1095 3148 1210 3227 quidem

206 3226 316 3290 haltere
337 3228 423 3292 liberi
448 3230 585 3300 hominia
616 3232 663 3291 eui
680 3231 865 3311 respondent
885 3231 1027 3294 uomitus
1050 3232 1139 3307 uter,
1161 3227 1212 3292 Ea

206 3313 260 3388 tui,
276 3313 377 3393 inquit,
396 3315 492 3378 omui
504 3316 673 3391 aarum,
687 3313 810 3395 Iotape,
830 3318 883 3395 qui
897 3319 1011 3382 motam
1022 3317 1140 3396 faeiem
1154 3315 1211 3376 lo·

60 3429 63 3435 ‡
163 3395 264 3474 ester,
280 3396 359 3460 lber
372 3416 433 3460 nort
447 3399 516 3460 eati
552 3397 706 3460 vitandum
723 3395 821 3475 etiam,
837 3399 1038 3479 nepotulum,
1054 3417 1093 3462 ne
1108 3416 1210 3477 euper-

207 3478 284 3558 bunr,
300 3497 338 3542 ne
354 3479 434 3559 loeo,
456 3499 493 3542 ne
506 3491 638 3562 ternpore
656 3482 791 3561 alienum,
807 3501 845 3544 ne
856 3493 1062 3564 praeparatum
1078 3492 1106 3544 et
1124 3482 1211 3544 denuo
