2608 3948
197 204 256 265 110
513 213 877 274 rr.rna.omuu1n1nu1

193 373 280 448 tioni,
306 370 398 434 verha
426 379 456 430 et
477 369 739 448 pronuntiationem
765 369 924 430 elocutioni
948 369 1040 440 dedit;
1071 373 1199 451 quintana

77 479 81 490 ·
193 473 311 536 quoque
334 455 497 529 constituit,
525 468 703 512 communem
728 469 763 512 ac
785 451 867 513 velut
888 455 1039 517 custodem
1061 457 1198 533 omniurn,

192 541 367 601 memoriam.
404 536 484 599 Idem
505 538 534 596 in
556 534 680 598 Oratore
706 537 833 615 quinque
858 536 949 599 rehus
971 547 1107 600 constare
1133 539 1197 600 elo·

194 625 339 704 quentiam
360 623 442 697 dicit,
469 623 498 680 in
522 619 625 699 quihus
646 628 752 699 postea
773 622 890 700 scriptis
912 623 1022 682 certior
1043 624 1106 683 eius
1129 641 1197 684 sen·

168 710 282 769 litentia
299 715 354 769 est.
388 704 454 767 Non
469 705 562 764 minus
576 703 644 764 mihi
660 703 757 783 cupidi
774 706 911 766 nouitatis
926 705 1048 767 alicuius
1062 705 1198 767 videntur

192 793 300 868 luisse,
321 791 370 868 qui
385 788 554 850 adiecerunt
576 788 758 866 ordinem,
782 807 846 850 curn
869 789 1090 868 dispositionem
1107 791 1197 852 dixis·

192 885 271 944 sent;
301 875 384 954 quasi
410 871 489 933 aliud
513 872 551 932 sit
576 871 730 950 dispositio
755 891 839 952 quanr
862 891 959 933 rerum
983 875 1085 936 ordine
1111 891 1198 954 quam

193 961 302 1040 optimo
319 956 487 1018 collocatio.
524 954 602 1015 Dion
616 957 811 1017 inventionem
825 957 912 1018 modo
929 966 960 1017 et
973 958 1198 1039 dispositionem

192 1042 308 1104 tradidit
325 1042 378 1103 sed
393 1049 545 1119 utramque
559 1039 724 1118 duplicem,
746 1059 843 1101 rerum
859 1048 888 1101 et
910 1039 1084 1120 verborum,
1103 1051 1135 1102 ut
1158 1043 1199 1100 sit

193 1126 322 1188 elocutio
344 1125 535 1200 inventionis,
562 1125 758 1203 pronuntiatio
781 1124 1001 1204 dispositionis,
1030 1125 1074 1186 his
1098 1126 1199 1206 quinta

192 1228 260 1293 pars
283 1211 422 1271 memoria
443 1206 579 1276 accedat;
610 1206 777 1268 Theodorei
797 1208 862 1268 iere
884 1209 1080 1270 inventionem
1101 1209 1198 1289 dupli·

124 1359 130 1370 ,
193 1312 272 1371 cem,
294 1311 391 1355 rerum
412 1301 499 1372 atque
523 1291 716 1368 elocutionis,
739 1291 843 1352 deinde
867 1291 919 1352 tris
944 1300 1060 1352 ceteras
1084 1303 1198 1371 partes.

167 1379 387 1457 thermaqoras
406 1376 559 1451 iudicium,
581 1375 781 1453 partitionem,
807 1375 955 1452 ordinem,
977 1392 1113 1455 quaeque
1134 1377 1200 1436 elo-

193 1464 316 1524 cutionis
338 1467 420 1537 sunt,
443 1459 558 1520 subiicit
578 1458 788 1536 oeconomice,
813 1476 890 1538 qnae
912 1457 1026 1520 Graece
1048 1459 1199 1540 appellata

193 1565 232 1607 ex
248 1563 316 1606 cura
331 1561 428 1605 rerum
441 1544 663 1604 domesticarum
675 1551 704 1604 et
719 1542 767 1604 hic
782 1562 836 1624 per
852 1541 1020 1604 abusionem
1034 1545 1130 1624 posita
1145 1559 1199 1605 no·

191 1632 268 1691 mine
284 1627 385 1690 Latino
405 1637 496 1688 caret.

152 1720 185 1773 lo
276 1713 330 1774 list
353 1722 384 1773 et
406 1714 484 1772 circa
507 1710 565 1771 hoc
588 1712 738 1790 quaestio,
762 1711 840 1791 quod
861 1711 1028 1772 memoriam
1051 1712 1080 1771 in
1096 1712 1199 1772 ordine

192 1799 315 1879 partium
330 1796 445 1876 quidam
464 1795 622 1855 inventioni
637 1794 752 1873 quidam
772 1795 957 1874 dispositioni
973 1792 1198 1866 suhiunxerunt;

191 1881 276 1942 nobis
293 1888 411 1960 quartus
428 1880 490 1940 eius
508 1876 592 1938 locus
616 1879 738 1938 maxime
758 1878 866 1958 placet.
905 1875 971 1938 Non
991 1879 1067 1939 enirn
1091 1887 1199 1940 tantum

190 1968 308 2026 inventa
322 1974 440 2040 tenere,
458 1971 490 2023 ut
505 1961 706 2041 disponamus,
723 1979 780 2022 nec
795 1963 953 2042 disposita,
970 1972 999 2023 ut
1016 1963 1199 2042 eloquamur,

192 2048 348 2110 sedetiam
363 2047 462 2108 verbis
483 2045 606 2107 iormata
627 2047 783 2106 memoriae
797 2047 933 2107 mandare
951 2044 1100 2107 debemus.
1136 2045 1200 2107 Hac

194 2133 270 2192 enim
294 2132 407 2207 omnia,
435 2147 626 2210 quaecunque
652 2131 681 2188 in
700 2129 862 2190 orationem
886 2128 994 2190 collata
1019 2139 1101 2206 sunt,
1126 2145 1199 2191 'con-

194 2217 330 2275 tinentur.

151 2299 185 2353 11
276 2295 405 2357 Fuerunt
427 2295 513 2355 etiam
532 2297 561 2356 in
583 2295 639 2356 hac
656 2296 791 2374 opinione
813 2315 871 2358 non
892 2300 995 2378 pauci,
1014 2307 1046 2359 ut
1066 2298 1119 2359 has
1140 2313 1201 2357 non

193 2382 358 2443 rhetorices
376 2387 476 2460 partes
493 2396 561 2440 esse
577 2380 774 2440 existimarent
791 2381 844 2441 sed
861 2398 954 2462 opera
970 2383 1111 2451 oratorie;
1135 2382 1200 2441 eius

152 2467 186 2522 lo
194 2468 270 2528 enim
290 2482 359 2526 esse
382 2463 532 2541 invenire,
554 2463 730 2544 disponere,
753 2463 852 2543 eloqui
875 2476 904 2528 et
920 2474 1030 2527 cetera.
1068 2463 1153 2539 Quod
1173 2466 1199 2524 si

193 2552 369 2630 accipimus,
388 2547 458 2610 nihil
474 2550 531 2618 arti
543 2548 741 2628 relinquimus.
772 2546 844 2608 llam
860 2548 936 2610 hene
952 2549 1053 2611 dicere
1070 2557 1117 2609 est
1134 2565 1200 2609 ora·

193 2637 283 2712 toris,
304 2635 454 2696 rhetorice
474 2641 571 2695 tamen
594 2634 648 2694 erit
673 2631 750 2694 hene
777 2632 891 2694 dicendi
917 2635 1053 2703 scientim
1079 2633 1146 2708 vel,
1168 2640 1201 2691 ut

193 2720 242 2781 alii
264 2726 381 2798 putent,
404 2717 524 2778 artificis
546 2727 592 2778 est
606 2717 803 2797 persuadere,
822 2719 867 2777 vis
889 2727 984 2778 autem
1004 2715 1201 2797 persuadendi

195 2801 358 2863 arctetur
381 2803 511 2862 invenire
533 2801 700 2882 quidemst
722 2801 879 2882 disponere
903 2803 1045 2879 oratoris,
1070 2800 1200 2862 inventio

152 2878 291 2947 13autem
314 2894 344 2945 et
361 2884 515 2964 dispositio
532 2886 696 2947 rhetorices
712 2886 831 2966 propria
852 2885 946 2946 videri
968 2893 1077 2965 potest.
1113 2884 1146 2945 In
1162 2899 1201 2943 eo

194 2969 296 3051 plures
320 2968 535 3047 dissenserunt,
560 2978 692 3030 utrumne
715 2970 770 3031 hae
790 2977 890 3048 partes
912 2978 1013 3032 essent
1034 2969 1201 3031 rhetorices

195 3073 231 3116 an
249 3052 380 3114 eiusdem
396 3070 487 3132 opera
504 3071 556 3130 an,
578 3062 609 3113 ut
626 3053 794 3116 Athenaeus
811 3052 920 3131 credit,
942 3054 1103 3130 elementa,
1124 3069 1202 3132 quae

194 3147 302 3200 vocant
329 3141 464 3217 στοιχεῖα.
502 3138 563 3199 Sed
589 3155 685 3216 neque
711 3137 856 3198 elementa
881 3147 963 3199 recte
992 3141 1056 3219 quis
1082 3138 1200 3212 dixerit,

196 3223 306 3302 alioqui
322 3231 428 3284 tantum
442 3223 522 3284 initia
538 3231 639 3298 erunt,
656 3231 688 3281 nt
705 3220 800 3281 mundi
814 3221 864 3282 vel
879 3222 982 3283 humor
995 3223 1046 3285 vel
1060 3223 1135 3300 ignis
1150 3219 1204 3280 vel

195 3308 316 3368 materia
338 3307 387 3368 vel
411 3323 537 3386 corpora
558 3304 742 3375 insecabilia3
770 3323 827 3366 nec
849 3324 969 3386 operum
990 3316 1074 3367 recte
1094 3321 1203 3365 nornen

197 3392 359 3470 accipient,
382 3407 456 3470 qnae
471 3406 530 3450 non
549 3388 585 3449 ab
601 3389 665 3448 aliis
682 3390 872 3468 perficiuntur
889 3391 943 3452 sed
961 3390 1038 3452 aliud
1053 3392 1116 3469 ipsa
1131 3405 1202 3468 per-

155 3473 306 3536 lifloiunt.
340 3474 469 3536 Partes
487 3475 574 3551 igitur
589 3481 664 3533 sunt.
703 3472 776 3536 liam
792 3493 855 3536 cunr
873 3476 910 3535 sit
925 3493 963 3536 ex
976 3475 1022 3535 his
1039 3473 1202 3552 rhetorice,
