2570 3946
398 221 825 291 rusn.onsuoe.u1u.11,t.
1069 213 1108 274 73

28 395 31 401 ’
102 380 197 440 virtus
221 378 314 440 adest.
356 377 460 459 Neque
487 381 562 440 enim
586 396 640 439 uos
663 379 806 440 tarditatis
830 389 931 441 ustura
954 381 1109 457 damnavit,
1117 391 1153 444 ud

104 463 160 525 sed
174 464 288 525 dicendi
311 465 480 525 mutavimus
495 482 588 543 genus
609 472 638 523 et
653 464 728 524 ultra
743 463 827 523 uobis
846 481 931 544 quam
953 465 1109 544 oportebat

103 547 290 617 indulsimus;
317 551 357 610 ita
380 557 517 609 nontam
541 549 660 626 ingenio
684 546 725 608 iili
746 564 800 608 nos
825 558 998 627 superarunt
1024 566 1109 627 quam

103 634 269 711 proposito.
311 631 402 693 blulta
425 647 498 710 ergo
516 631 618 694 licebit
637 631 766 710 eligere3
791 631 844 693 sed
869 631 1026 693 curandum
1042 634 1107 708 erit,

102 732 142 776 nc
164 716 218 792 iis,
242 715 346 796 quibus
369 717 511 795 permixta
532 725 613 792 sunt,
635 717 827 795 inquinentur.
867 713 1014 790 Quosdam
1036 727 1151 780 verott

103 799 209 876 etiam,
234 815 309 879 quos
325 809 404 860 totos
419 800 523 862 imitari
539 809 691 880 oporteat,
716 809 744 861 et
765 800 858 860 luisse
878 814 971 878 nuper
987 809 1017 861 et
1033 819 1108 860 nunc

104 900 190 959 esse,
214 883 312 962 quidni
336 883 461 945 libenter
481 901 539 945 uon
561 887 649 948 modo
674 885 872 945 concesserim
894 902 995 945 verum
1024 885 1109 945 ctiam

104 964 325 1030 contenderim?
359 968 419 1029 Sed
434 969 463 1029 bi
479 970 528 1048 qui
545 971 618 1045 siut,
634 985 693 1028 nou
709 969 907 1048 cuiuscunque
923 978 968 1029 est
983 978 1152 1048 pronun-26

13 1077 14 1080 ¹
102 1052 187 1112 tiare.
220 1049 321 1112 'lutius
338 1053 416 1113 circa
433 1054 549 1132 priores
563 1053 613 1114 vel
631 1061 760 1128 erratur,
782 1051 909 1131 ideoque
926 1052 1001 1113 banc
1018 1069 1108 1113 uovo-

102 1153 164 1195 rum
181 1135 280 1198 distuli
295 1136 468 1214 lectionem,
485 1154 522 1196 ne
537 1136 658 1197 imitatio
674 1136 809 1196 iudicium
824 1136 1023 1197 antecederet.

323 1291 368 1342 uu
386 1289 554 1342 mvrsvoun
571 1291 614 1341 su
631 1273 903 1343 Pdltltttcflffldsl.‘

187 1385 238 1447 Vl.
275 1385 340 1448 Fuit
356 1389 442 1449 etiam
462 1390 492 1449 in
505 1387 565 1450 boc
582 1389 728 1451 diversum
743 1386 985 1467 praecipientium
999 1401 1108 1465 propo·

104 1471 205 1546 eitum,
231 1471 310 1549 quod
331 1489 431 1532 eorum
447 1472 562 1552 quidam
579 1473 734 1549 materias,
757 1489 829 1551 quas
845 1468 998 1548 discipulis
1013 1469 1050 1529 ad
1067 1468 1109 1528 di·

106 1553 228 1616 cendum
240 1554 357 1632 dabant,
373 1573 431 1616 non
444 1556 727 1617 contenti-divisione
743 1556 871 1634 dirigere
886 1554 972 1615 latius
984 1552 1109 1614 dicendo

103 1638 376 1718 prosequebantur,
407 1656 463 1700 nac
494 1640 588 1701 solum
618 1640 838 1720 probationibus
868 1637 1028 1718 implebant
1056 1637 1109 1698 scd

104 1723 190 1783 etiam
207 1723 370 1785 affectibus·
411 1723 487 1801 Alii,
511 1741 576 1785 eum
594 1726 702 1804 primas
719 1725 807 1786 modo
831 1722 924 1784 lineas
946 1722 1136 1795 duxissentb

104 1815 172 1886 post
198 1807 443 1885 declamationes,
475 1809 542 1887 quid
571 1810 719 1869 omisisset
749 1809 893 1887 quisque,
926 1805 1107 1872 tractabant:

105 1889 246 1970 quosdam
260 1909 332 1952 vero
355 1892 440 1952 locos
455 1908 513 1952 non
534 1893 644 1953 minore
661 1910 747 1966 cura,
772 1908 856 1969 quam
879 1907 943 1950 cum
959 1890 995 1950 ad
1011 1889 1108 1949 dicen·
1176 1919 1180 1929 ·

73 2017 76 2022 -
104 1973 171 2035 duru
193 1974 249 2053 ipsi
272 1984 444 2055 surgerent,
469 1976 654 2037 excolebant.
692 1975 772 2036 Utile
794 1983 965 2053 utrumque,
991 1981 1021 2034 et
1041 1973 1109 2034 ideo

103 2065 236 2119 neutrum
251 2057 287 2120 ab
305 2060 401 2120 altero
418 2077 541 2141 separo;
568 2061 622 2122 sed
636 2061 662 2120 si
676 2060 779 2123 iacere
795 2067 904 2124 tantum
920 2058 1043 2119 alterum
1058 2073 1108 2115 ne·

105 2159 190 2202 cesse
206 2143 261 2219 sit,
285 2144 352 2224 plus
367 2144 499 2224 proderit
519 2145 736 2207 demonstrasse
757 2152 869 2204 rectam
884 2143 1015 2222 protinus
1033 2140 1109 2200 viam

104 2243 188 2306 quam
203 2243 347 2288 revocare
363 2227 398 2288 ab
415 2247 518 2291 errore
532 2232 589 2292 iam
606 2230 717 2309 lapsos.
748 2228 873 2290 Primum
890 2228 957 2306 quia
975 2224 1136 2287 eruenda-d

14 2371 17 2382 ,
102 2311 211 2371 tionem
226 2311 342 2372 auribus
366 2313 452 2374 modo
469 2316 632 2394 accipiunt,
657 2314 828 2374 divisionem
850 2327 924 2373 vcro
944 2310 981 2371 ad
997 2309 1107 2386 cogita-

102 2395 211 2454 tionem
225 2396 310 2456 etiam
323 2405 353 2456 et
363 2397 459 2457 stilum
474 2397 638 2477 perierunt:
656 2397 760 2459 deiude
777 2395 856 2478 quod
871 2395 1007 2457 libentius
1023 2408 1108 2473 prae·

105 2477 261 2556 cipieutem
277 2478 394 2540 audiunt
410 2498 494 2559 quam
508 2481 782 2560 reprehendentem.
820 2479 851 2540 si
868 2481 916 2558 qui
930 2494 1003 2538 vero
1019 2475 1108 2554 paulo

103 2568 169 2622 sunt
183 2560 366 2639 vivaciores,
388 2565 417 2622 in
431 2563 475 2624 bis
490 2567 663 2644 praesertim
678 2565 823 2639 moribus,
844 2565 928 2622 etiam
944 2563 1109 2620 irascuntur

103 2645 289 2706 admonitioni
314 2655 343 2706 et
366 2647 446 2706 taciti
468 2658 639 2726 repugnant.
679 2648 784 2728 Neque
805 2646 874 2706 ideo
898 2654 995 2705 tamen
1016 2644 1108 2701 miuus

101 2730 170 2790 vitia
189 2738 291 2808 aperte
310 2730 498 2809 coarguenda
520 2740 596 2792 sunt.
638 2731 777 2792 Habenda
802 2731 877 2790 enim
900 2729 974 2790 ratio
991 2733 1133 2788 cetero-t

101 2831 174 2959 tt
192 2815 341 2960 lilii
357 2813 1108 2962 ttattolit:tttil‘tttitttttit“t

102 2985 184 3062 ipsae
199 3000 247 3043 res
264 2917 460 3061 pglmlatum.
483 2983 615 3065 Namque
630 2984 835 3064 incipientibus
849 2983 941 3045 danda
957 2983 1012 3044 erit
1026 2941 1132 3040 v’eluto

75 3083 77 3086 ·
102 3064 295 3145 praeformata
309 3069 429 3130 materia
445 3068 602 3130 secuudum
621 3071 761 3150 cuiusque
775 3070 870 3137 vires;
896 3076 926 3128 at
948 3081 1013 3126 cum
1034 3062 1104 3122 satis

102 3150 819 3314 ttititttt:tttiiffltlmtltitttt
834 3144 1107 3296 tittttiit

101 3315 275 3378 adminiculo
296 3319 436 3396 progredi
457 3255 579 3408 puellm.
599 3255 826 3400 puonrunquam
849 3317 929 3378 credi
950 3314 1004 3375 sibi
1021 3307 1131 3392 ipsos'd

102 3399 260 3481 oportebit,
277 3418 314 3460 ne
328 3400 404 3462 mala
420 3404 629 3466 consuetudine
644 3422 761 3483 semper
773 3403 898 3463 alienum
913 3398 1045 3461 laborem
1059 3413 1105 3458 se·

102 3485 207 3564 quendi
224 3482 295 3546 nibil
316 3501 370 3564 per
385 3502 419 3546 sc
441 3486 540 3548 couarl
556 3495 585 3548 ct
605 3504 751 3568 quaerere
765 3487 868 3548 sciant.
906 3482 1018 3560 Quodsi
1034 3480 1104 3542 satis
