2570 3946
399 193 817 262 rnsr.onnr0n.urc.1,s.
1067 185 1106 246 31

107 350 288 414 recentiores
310 349 492 410 instituerunt
512 347 631 410 Graecis
652 347 813 409 nominibus
833 347 959 418 Graecas
982 353 1108 419 declina·

107 437 202 496 tiones
218 434 314 512 potins
332 432 418 508 dare,
442 432 519 512 quod
534 442 629 492 tamen
648 433 741 511 ipsum
758 449 815 492 non
837 452 953 514 semper
973 435 1036 497 iieri
1056 455 1108 517 po·

107 526 174 581 test.
209 516 279 578 liihi
298 524 392 578 autem
414 517 511 596 placet
526 515 654 577 Latinam
671 518 813 576 rationem
833 521 933 597 sequi,
956 537 1110 601 quousque

106 602 232 683 patietur
246 601 347 665 decor.
377 599 480 678 Neque
496 601 640 662 animiam
656 597 855 682 Calypsonem
869 601 989 664 dixerim
1006 613 1038 664 ut
1054 604 1109 667 lu·¹

105 705 231 762 mem,
260 701 422 763 quanquam
449 692 568 745 secutus
590 685 724 762 antiquos
749 680 782 745 G.
805 682 915 746 caesar
942 689 1030 748 utitur
1053 689 1109 751 bac
1140 755 1143 762 Ι

83 773 220 845 ,ratione
237 767 410 829 declinandi.
450 767 510 829 Sed
522 769 726 828 ¹auctoritatem
748 769 928 832 consuetudo
949 773 1150 850 superavitol

105 853 139 915 iu
161 853 285 928 ceteris,
307 869 381 930 qnae
402 860 541 930 poterunt
559 860 683 932 utroque
703 852 790 914 modo
809 870 868 914 non
882 854 1052 918 indecenter
1067 857 1108 918 ei·

105 937 193 1014 ierri,
214 935 261 1016 qui
284 933 423 998 Graecam
437 935 558 1014 liguram
575 937 660 1015 sequi
676 935 781 1012 malet,
799 952 858 1000 non
875 936 974 1000 Latine
994 940 1109 1020 quidem
1198 1005 1201 1010 ,

107 1021 160 1082 sed
181 1031 275 1082 tamen
296 1022 368 1081 citra
386 1019 645 1100 reprehensionem
666 1019 811 1100 loquetur.

192 1104 345 1184 Simplices
364 1121 456 1165 voees
475 1106 566 1183 prima
583 1105 730 1184 positione
745 1103 773 1164 id
789 1113 834 1164 est
850 1113 951 1168 natura
972 1124 1029 1168 sua.
1040 1115 1151 1170 con-65

106 1198 199 1266 stant,
224 1190 403 1268 compositae
426 1197 474 1250 aut
494 1187 760 1268 praepositionibus
782 1187 991 1268 subiunguntur
1011 1199 1041 1251 ut
1061 1193 1109 1252 in·
1147 1251 1150 1258 ,

104 1293 236 1352 nocens,
260 1272 402 1334 interdum
419 1271 646 1352 repugnantibus
668 1273 743 1332 inter
759 1288 792 1331 se
808 1271 934 1350 duabus,
957 1274 1043 1352 quale
1064 1282 1111 1336 est

104 1359 352 1438 imperterritus‚·
371 1357 480 1436 alioqui
495 1365 617 1436 possunt
635 1355 790 1436 aliquando
806 1359 967 1420 continuari
986 1357 1060 1419 duae
1079 1366 1110 1419 ιι

105 1442 338 1520 incompositus,
358 1442 536 1502 reconditus
553 1448 597 1516 et,
622 1457 679 1520 quo
696 1438 801 1501 cicero
817 1442 919 1518 utitur,
940 1442 1109 1505 mucosus·

107 1525 202 1593 dum,·
221 1531 272 1584 aut
290 1541 307 1583 e
326 1522 439 1583 duobus
461 1525 542 1602 quasi
565 1523 736 1603 corporibus
757 1524 943 1602 coalescunt,
964 1534 995 1587 ut
1012 1527 1108 1590 meb-

105 1607 193 1688 lieea.
229 1605 302 1668 Nntn
324 1625 362 1667 ex
389 1605 480 1668 tribus
502 1615 620 1667 nostrae
646 1609 744 1687 utique
767 1607 883 1686 linguaue
905 1626 963 1670 non
985 1611 1151 1679 conces-‘66

107 1694 207 1761 serim;
224 1693 353 1770 macaris
366 1693 472 1770 capsis
484 1688 589 1752 Cicero
605 1691 680 1752 dicat
693 1695 885 1771 compositum
900 1711 967 1754 esse
981 1711 1112 1774 escape

110 1777 210 1851 ieie,
233 1784 264 1836 et
282 1776 464 1838 inveniantur
477 1777 526 1855 qui
540 1773 729 1855 Insperoob’o
745 1793 839 1856 aeque
854 1785 915 1837 tres
930 1786 1029 1857 partes
1043 1794 1108 1841 ora·

106 1861 193 1921 tionis
216 1877 285 1920 esse
304 1860 497 1935 contendant,
520 1860 604 1938 quasi
622 1861 708 1922 luere
727 1877 787 1937 per
802 1879 951 1940 cuprum
972 1879 1036 1924 uam
1050 1860 1150 1931 sio-67

105 1944 256 2006 limerilio
281 1945 336 2003 ianr
363 1960 534 2024 persuasum
556 1951 690 2002 estesse
712 1941 957 2022 Suoeelaurilio,
986 1954 1016 2006 et
1038 1963 1109 2007 sane

104 2030 145 2089 ita
159 2045 193 2088 se
208 2025 295 2088 habet
311 2043 439 2103 sacrum,
463 2025 549 2106 quale
567 2026 643 2106 apud
655 2025 811 2088 Homerum
827 2045 943 2109 quoque
961 2038 1016 2089 est.
1050 2029 1109 2090 Sed

105 2112 181 2173 baec
200 2127 260 2173 non
282 2120 338 2172 tarn
366 2111 516 2172 extribus
538 2128 623 2190 quam
645 2129 684 2172 ex
705 2111 856 2191 particulis
884 2114 968 2174 trium
990 2122 1106 2175 coeunt.

107 2192 244 2257 (ietemm
266 2197 351 2258 etiam
373 2213 412 2256 ex
433 2197 650 2274 praepositione
677 2204 707 2257 et
728 2195 840 2258 duobus
863 2197 1016 2259 vocabulis
1036 2198 1108 2260 dure

104 2280 220 2341 videtur
237 2280 381 2343 struxisse
402 2278 543 2340 Pacuvius
557 2276 653 2344 Nerei
668 2281 951 2360 repondirostrum,
970 2284 1108 2345 incerni-

106 2365 262 2427 ceroieum
281 2383 387 2444 pecus.
429 2363 588 2442 iunguntur
615 2372 711 2426 autem
732 2373 780 2426 aut
802 2383 841 2426 ex
862 2365 974 2426 duobus
1001 2365 1151 2431 Latinisis

104 2449 228 2524 integris
249 2457 280 2508 ut
301 2448 459 2528 superflui,
479 2449 651 2528 subterfusi
671 2449 850 2528 (quanquam
871 2467 909 2509 ex
930 2451 1051 2526 integris
1073 2468 1109 2510 an

106 2531 269 2609 composita
293 2532 351 2592 sint
378 2532 557 2611 quaeritur),
580 2540 628 2593 aut
656 2551 694 2594 ex
718 2535 833 2609 integro
861 2541 891 2592 et
919 2541 1056 2611 corrupto
1078 2542 1110 2594 ut

104 2615 289 2693 malevolae,
313 2623 361 2674 aut
383 2633 421 2676 ex
440 2623 578 2693 corrupto
603 2623 632 2677 et
654 2618 768 2693 integro
791 2624 823 2676 ut
842 2617 1038 2695 noctivagus,
1061 2625 1109 2678 aut

105 2698 219 2761 duobus
239 2699 385 2778 corruptis
406 2707 437 2759 ut
451 2699 632 2777 pedisecos,
655 2708 703 2760 aut
725 2717 763 2758 ex
782 2707 883 2760 nostro
901 2709 930 2760 et
948 2703 1107 2782 peregrino

102 2793 135 2845 ut
156 2784 328 2861 biclinium,
351 2791 399 2844 aut
421 2791 523 2844 eontra
544 2790 575 2843 ut
593 2783 756 2863 epitopium
776 2791 805 2843 et
819 2780 979 2861 deicolo,
1002 2794 1050 2846 aut
1071 2805 1109 2846 ex

104 2867 218 2930 duobus
239 2869 404 2949 peregrinis
426 2875 459 2928 ut
474 2868 657 2948 epiredium.
690 2865 763 2929 Nam
785 2885 849 2928 cunr
868 2869 905 2928 sit
927 2871 1108 2949 praepositio

105 2951 233 3028 Graeca,
254 2955 334 3014 redo
348 2951 503 3015 Gallicum:
525 2969 622 3032 neque
636 2949 764 3013 Graecus
782 2960 878 3013 tamen
897 2971 993 3033 neque
1008 2952 1108 3014 Gallus

104 3037 193 3096 utitur
208 3038 385 3116 composito;
408 3035 530 3117 Romani
548 3054 630 3096 suurn
649 3054 688 3096 ex
703 3036 800 3098 alieno
819 3046 944 3116 unoque
964 3038 1106 3098 iecemnt.

103 3117 287 3197 Frequenter
302 3130 397 3183 autem
415 3121 651 3201 praepositiones
667 3137 785 3201 quoque
803 3120 953 3201 copulatio
973 3123 1028 3181 ista
1045 3127 1150 3182 eor-69

103 3205 224 3281 rumpit:
248 3204 315 3265 inde
328 3206 468 3280 obstulit,
490 3206 629 3286 obsepit,
651 3207 770 3285 αιιίιίι,
790 3223 854 3266 cum
874 3204 1054 3284 praepositio
1070 3203 1109 3264 sit

103 3288 145 3350 ab
168 3287 248 3358 sola;
278 3297 308 3348 et
333 3290 407 3366 coil,
430 3307 495 3351 oum
518 3291 557 3351 sit
579 3290 759 3368 praepositio
787 3309 864 3358 eom
886 3289 930 3348 sio
950 3287 1066 3367 ignovi.
1079 3295 1108 3348 et

104 3381 210 3452 crepet
225 3380 255 3433 et
270 3372 382 3433 similia.
418 3372 477 3434 Sed
492 3393 541 3435 res
561 3382 621 3435 tota
641 3370 879 3450 magisliraeeos
896 3372 999 3449 decet,
1022 3370 1150 3436 uobisio

101 3457 196 3518 minus
218 3456 367 3533 succedit,
389 3473 445 3516 nec
467 3457 496 3519 id
518 3457 582 3518 lieri
603 3465 704 3518 natura
725 3464 812 3536 puto,
835 3456 888 3518 sed
906 3455 1008 3517 alienia
1026 3455 1107 3518 iane·

1260 3565 1277 3656 l
