2608 3948
184 203 225 272 92
501 187 862 276 amnemamnem

182 375 311 455 inprimis
328 375 373 433 vir
394 373 502 433 bonus:
524 373 624 432 utilem
647 382 728 431 certe
751 390 818 431 esse
836 389 899 433 eam
919 372 1111 434 confitendum
1127 383 1184 435 est.

143 457 220 522 filit
245 457 365 518 hercule
391 456 462 518 deus
488 454 557 532 ille,
584 473 691 534 parens
716 473 812 516 rerum
839 455 1054 536 fabricatorque
1075 457 1184 535 mundi,

183 540 263 602 nullo
278 543 369 618 magis
385 541 529 600 bominem
544 541 720 618 separavita
740 541 863 615 ceteris,
884 534 962 619 'qnae
978 542 1093 621 quidem
1107 559 1183 601 mor·

142 627 249 690 litalia
264 633 379 701 essent,
404 620 589 699 animalibus,
613 641 697 702 quam
718 622 833 684 dicendi
847 624 996 685 facultate.
1030 625 1102 686 Nam
1118 643 1185 686 cor·

182 727 255 789 pora
269 703 384 789 quidem
398 708 609 786 magnitudine,
625 706 750 783 viribus,
766 709 914 785 firmitate,
931 712 1084 788 patientia,
1101 710 1184 770 velo·

183 796 269 854 citate
297 795 508 872 praestantiora
536 792 648 852 inillis
676 793 762 852 mutis
787 792 934 861 videmns;
967 793 1067 854 eadem
1091 795 1183 854 minus

183 895 274 955 egere
290 878 448 956 acquisitae
472 877 653 936 extrinsecus
675 877 750 955 opis.
787 875 859 936 Nam
880 885 909 936 et
926 879 1039 956 ingredi
1055 879 1137 938 citius
1155 887 1185 938 et

182 963 264 1040 pasci
280 970 309 1020 et
327 970 442 1022 tranare
458 978 547 1039 aquas
563 961 635 1020 citra
650 959 805 1020 docentem
819 970 919 1020 natura
934 963 998 1041 ipsa
1013 964 1116 1023 sciunt.
1146 961 1185 1022 Et

143 1045 322 1124 repletaque
343 1053 443 1106 contra
465 1045 557 1122 frigus
580 1063 617 1104 ex
638 1061 692 1103 suo
711 1061 836 1122 corpore
854 1046 1031 1120 vestiuntur,
1057 1055 1086 1105 et
1106 1064 1183 1106 arma

180 1131 216 1189 iis
237 1131 365 1206 ingenita
389 1128 529 1208 quaedam
551 1139 580 1188 et
601 1147 639 1188 ex
661 1127 749 1188 obvio
775 1128 840 1188 fere
864 1130 977 1206 victus,
1009 1133 1086 1190 circa
1108 1147 1183 1208 quae

167 1215 274 1273 omnia
300 1214 404 1274 rnultns
424 1211 586 1273 bominibus
613 1211 697 1272 labor
720 1221 774 1272 est.
816 1212 969 1274 Rationem
989 1215 1077 1292 igitur
1098 1214 1183 1274 nobis

180 1299 367 1376 praecipuam
382 1297 461 1357 dedit
483 1297 603 1374 eiusque
622 1312 676 1354 nos
691 1299 790 1356 socios
807 1314 874 1356 esse
891 1315 955 1357 cum
970 1297 1024 1358 diis
1039 1300 1182 1358 immorta-

139 1393 170 1444 15
180 1379 255 1441 libus
278 1381 379 1441 voluit.
416 1379 475 1440 Sed
496 1381 559 1457 ipsa
583 1381 658 1438 ratio
685 1396 780 1459 neque
799 1390 856 1441 tam
879 1398 932 1441 nos
952 1383 1065 1443 iuvaret
1086 1400 1182 1462 neque

180 1473 237 1523 tam
267 1472 347 1524 esset
371 1465 400 1522 in
428 1462 513 1522 nobis
539 1463 708 1539 manifesta,
739 1465 811 1541 nisi,
840 1483 914 1544 quae
944 1469 1182 1545 concepissemus

178 1557 291 1622 mente,
315 1563 451 1625 promere
471 1548 556 1607 etiam
574 1547 721 1625 loquendo
737 1565 906 1627 possemus3
931 1549 1009 1629 qnod
1024 1553 1115 1629 magis
1133 1550 1182 1610 de-

180 1649 247 1690 esse
275 1632 381 1692 ceteris
410 1630 578 1691 animalibus
605 1648 689 1710 quam
714 1633 894 1692 intellectum
921 1643 952 1692 et
976 1636 1182 1712 cogitationem

141 1728 172 1782 16
179 1716 320 1793 quandam
335 1715 475 1776 videmus.
507 1713 579 1774 Nam
593 1723 623 1774 et
636 1715 753 1775 mollire
769 1716 875 1776 cubilia
890 1725 920 1775 et
936 1716 1019 1776 nidos
1035 1727 1138 1779 texere
1154 1728 1182 1778 et

181 1798 307 1860 educare
329 1799 405 1860 fctus
427 1808 456 1860 et
477 1798 636 1860 excludere
658 1801 831 1877 quinetiam
854 1813 1000 1878 reponere
1016 1803 1045 1860 in
1059 1801 1182 1863 hiemem

179 1883 331 1961 alimenta,
357 1902 447 1963 opera
464 1883 605 1964 quaedam
625 1883 708 1945 nobis
724 1883 900 1944 inimitabilia
923 1884 1034 1964 (qualia
1053 1895 1118 1947 sunt
1133 1895 1181 1946 ce*

178 1985 273 2030 rarum
290 1987 325 2029 ac
347 1968 458 2048 mellis)
485 1968 623 2044 efficere,
647 1967 811 2028 nonnullius
831 1968 958 2028 fortasse
979 1971 1098 2030 rationis
1120 1979 1181 2039 est;

179 2051 232 2112 sed
251 2055 316 2130 quia
337 2060 437 2112 carent
452 2067 603 2128 sermone,
627 2068 701 2129 quae
720 2050 756 2135 id¹
771 2052 895 2129 faciunt,
916 2061 1095 2132 mutantque
1110 2055 1182 2113 irra-

138 2135 295 2205 17tionalia
311 2142 460 2194 vocantur.
493 2133 628 2212 Denique
643 2135 790 2211 homines,
810 2135 912 2218 quibus
928 2146 1033 2214 negata
1050 2153 1109 2196 vox
1125 2147 1181 2214 est,

179 2218 346 2296 quantulum
367 2216 482 2277 adiuvat
505 2219 614 2276 animus
634 2217 686 2278 ille
706 2217 868 2279 coelestis?
908 2220 1005 2295 Quare
1026 2223 1050 2280 si
1071 2221 1141 2282 nibil
1165 2238 1181 2280 a

178 2300 232 2361 diis
254 2303 385 2362 oratione
406 2300 509 2360 melius
532 2303 713 2379 accepimns,
743 2304 810 2381 quid
833 2313 890 2363 tarn
912 2304 1028 2382 dignum
1048 2305 1126 2365 cultu
1147 2322 1182 2365 ao

178 2385 280 2446 labore
302 2386 453 2461 ducamus,
481 2387 580 2444 autin
604 2402 662 2465 quo
683 2385 812 2464 malimus
835 2397 986 2466 praestare
1007 2388 1180 2465 hominibus,

137 2485 262 2549 isquam
279 2487 336 2549 quo
351 2470 412 2549 ipsi·
424 2469 554 2530 homines
571 2472 677 2530 ceteris
693 2471 861 2532 animalibus
877 2481 1041 2552 praestant;
1066 2491 1103 2533 eo
1119 2473 1181 2550 quiss

177 2554 242 2615 dem
257 2554 363 2633 inagis,
389 2553 467 2633 quod
483 2552 561 2614 nulla
578 2556 606 2614 in
621 2563 684 2614 arte
699 2555 814 2634 plenius
830 2555 915 2617 labor
927 2559 1050 2635 gratiam
1068 2552 1180 2617 refert?

176 2639 207 2699 ld
224 2639 298 2700 adeo
313 2637 494 2699 manifestum
510 2639 580 2714 erit,
597 2640 622 2698 si
638 2641 873 2718 cogitaverimus,
890 2639 966 2700 unde
983 2649 1012 2701 et
1029 2657 1180 2719 quousque

175 2725 231 2782 iam
250 2732 392 2802 provecta
415 2725 452 2782 sit
476 2721 578 2783 orandi
599 2723 737 2790 facultas:
769 2732 799 2783 et
824 2723 918 2784 adbuc
944 2725 1046 2803 augeri
1071 2732 1178 2803 potest.

137 2804 248 2875 quam
269 2815 301 2865 ut
323 2809 466 2881 omittam,
491 2807 650 2868 defendere
672 2810 798 2884 amicos,
821 2825 928 2885 regere
950 2807 1081 2869 consiliis
1097 2825 1179 2868 sena-

175 2898 249 2966 tum,
275 2888 430 2968 populum,
459 2892 618 2950 exercitum
638 2893 667 2950 in
693 2908 768 2969 quae
790 2891 863 2950 velit
884 2890 1009 2967 ducere,
1040 2892 1182 2970 quamsit

174 2973 246 3033 utile
260 2975 473 3050 conveniatque
487 2972 564 3032 bono
579 2975 659 3034 viro:
674 2992 769 3034 nonne
785 2975 937 3052 pulchrum
951 2977 1000 3039 vel
1016 2975 1074 3037 lroc
1088 2979 1182 3055 ipsum

176 3065 237 3136 est,
254 3075 292 3118 ex
307 3057 450 3117 communi
465 3056 616 3118 intellectu
627 3058 797 3138 verbisque,
814 3059 918 3136 quibus
935 3069 1052 3121 utuntur
1067 3078 1180 3136 omnes,

175 3150 282 3203 tantum
301 3143 418 3220 assequi
440 3139 533 3201 laudis
552 3150 581 3200 et
596 3141 728 3219 gloriae,
751 3152 854 3224 utnon
869 3144 950 3222 loqui
966 3153 996 3204 et
1011 3162 1097 3206 orare
1116 3144 1181 3222 sed,

175 3227 252 3305 quod
268 3225 374 3288 Pericli
391 3226 530 3308 coqtipit,
549 3225 700 3304 fulgurare
715 3244 750 3286 ac
763 3237 864 3288 tonare
879 3225 1028 3289 videaris?

593 3379 645 3430 AN
671 3379 763 3432 ARS.

256 3473 348 3536 xvii.
380 3475 459 3536 llinis
474 3493 531 3536 non
547 3479 617 3557 erit,
634 3479 659 3539 si
675 3478 817 3562 expatiari
832 3479 861 3536 in
875 3484 958 3558 parte
973 3477 1028 3538 bac
1043 3486 1073 3539 et
1087 3477 1181 3539 indul·
