2608 3948
409 245 498 293 sucu.
512 244 662 293 eunucu.
675 245 745 294 nne.
758 248 803 314 nv,
817 247 842 298 1.
1069 235 1126 299 161

128 409 174 461 est
190 399 316 460 diflicilia
338 399 421 460 lunius
437 401 480 459 rei
497 398 675 475 moderatio,
698 417 773 478 quae
795 410 891 461 tumen
911 404 1068 480 temperari
1087 404 1128 464 ita
1161 420 1163 424 ’

127 493 242 563 potest,
268 492 299 542 nt
318 483 467 544 videantur
488 491 625 543 accurate
639 496 698 540 non
713 482 819 544 callide
835 485 944 544 dicere.
978 483 1028 545 *En
1042 497 1127 564 prae·

128 569 222 646 ceptis
237 565 385 626 veteribus
400 575 512 642 manet,
533 582 571 625 ne
586 565 664 644 quod
681 565 812 626 insolens
826 567 964 644 verbnm,
988 587 1024 629 ne
1040 569 1127 632 anda·

128 651 190 711 ciam
205 649 389 728 translatum,
412 666 450 710 ue
471 658 520 710 aut
535 647 571 710 ab
589 648 723 710 obsoleta
738 657 885 712 vetustate
896 662 948 712 ant
962 654 1079 734 poetica
1094 653 1127 713 li·

126 735 224 794 centia
239 741 383 812 sumptum
397 735 426 793 in
442 733 586 812 principio
607 732 852 812 deprehendatur.
899 735 1033 796 Nondum
1055 737 1170 806 enimec

130 818 245 895 recepti
265 831 379 894 sumus,
403 825 433 877 et
454 815 580 876 custodit
602 833 656 878 nos
676 833 783 877 ‘recens
801 819 976 880 audientium
990 821 1126 889 intentio:

126 901 219 978 magis
236 899 396 960 concssiatls
411 901 512 961 animis
528 909 557 960 et
573 897 806 962 iam'calentihns
821 901 896 962 haec
914 903 1034 964 libertas
1045 904 1127 964 lere·

126 993 182 1058 tur,
201 984 382 1064 maximeque
399 1001 463 1044 cum
477 985 506 1042 in
521 983 605 1044 locos
624 983 761 1044 fuerimus
776 987 919 1064 ingressi,
937 997 1064 1066 qnorum
1079 1005 1128 1047 na·

127 1067 227 1128 turalia
251 1066 369 1128 ubertas
394 1068 538 1128 licentiam
559 1067 643 1128 verbi
657 1070 752 1130 notari
767 1067 1054 1152 circumluacuitore
1069 1087 1128 1131 non

127 1151 242 1230 patitur.
282 1149 345 1210 Nec
366 1153 542 1228 argumentis
564 1161 660 1211 autem
676 1169 732 1210 nec
754 1151 828 1212 locis
848 1171 903 1212 nec
915 1155 1075 1214 uarmuoni
1089 1155 1170 1224 cieo

99 1307 103 1312 Ι
126 1234 200 1294 milis
222 1251 290 1294 esse
310 1236 339 1294 in
359 1237 513 1313 prooemio
539 1234 627 1295 debet
643 1235 754 1313 oratio,
776 1250 872 1314 neqne
892 1245 988 1296 tamen
1003 1237 1128 1297 deducu

124 1335 243 1396 semper
259 1328 347 1398 atque
372 1318 539 1379 circumlata
561 1316 614 1378 sed
635 1335 726 1397 saepe
748 1318 873 1398 simplici
888 1329 976 1400 atque
991 1319 1127 1380 illabora-

124 1401 306 1476 tae-sinnilis,
328 1417 384 1461 nec
404 1402 502 1462 verbis
518 1402 656 1482 vultuque
672 1403 757 1463 nimia
775 1405 956 1481 promittens.
988 1403 1127 1464 Dissimu-

125 1485 183 1545 lata
199 1485 274 1543 enim
290 1493 330 1560 et,
346 1494 377 1544 ut
393 1485 496 1546 Graeci
508 1485 616 1560 dicunt,
634 1477 812 1562 eivmiomoq
828 1489 903 1548 actio
919 1488 1023 1548 melius
1036 1505 1127 1566 saepe

127 1569 264 1646 surrepit.
297 1568 357 1629 Sed
374 1569 448 1629 haee
463 1577 550 1648 prout
565 1568 683 1629 formari
699 1570 819 1630 animum
835 1573 961 1634 iudicum
978 1572 1125 1650 expediet.

125 1649 248 1712 Turbari
271 1655 411 1714 memoria
430 1653 480 1713 vel
507 1653 691 1713 continuandi
720 1653 812 1714 uerba
840 1655 980 1716 monitate
1011 1655 1128 1715 destitui
1136 1663 1168 1716 61

125 1751 266 1814 nusquam
281 1739 418 1816 turpius,
432 1756 496 1797 cum
518 1738 653 1797 vitiosum
669 1739 849 1815 prooemium
869 1740 963 1816 possit
977 1739 1070 1798 videri
1087 1739 1127 1797 ci·

125 1821 270 1880 eatrioosa
287 1819 394 1898 laoies,
418 1830 448 1881 et
469 1821 612 1900 pessimus
636 1829 717 1880 certe
733 1821 926 1897 gubernatur,
950 1824 1127 1901 quinarem,

124 1904 191 1963 dum
206 1911 293 1980 portu
316 1901 480 1980 egreditur,
504 1905 634 1981 impegit.
671 1900 774 1962 Modus
797 1905 930 1983 principii
951 1922 1005 1982 pro
1029 1913 1170 1968 cansa-62

124 1985 198 2046 Nam
213 1984 330 2046 brevius
346 1987 511 2066 simplices,
536 1986 650 2064 longius
673 1987 835 2069 perplexae
858 1996 1074 2068 suspectaeque
1099 1996 1128 2048 et

125 2067 248 2129 infames
264 2070 439 2131 desiderant.
480 2069 615 2131 liideudi
627 2087 717 2147 vero,
740 2071 789 2151 qui
812 2071 892 2132 velut
907 2071 1005 2150 legem
1020 2084 1126 2151 prooe-

123 2153 188 2213 miis
204 2154 335 2214 omnibus
353 2155 509 2232 dederunt,
533 2164 564 2215 nt
578 2156 652 2214 intra
668 2161 803 2234 quattuor
822 2173 925 2215 sensns
942 2159 1127 2216 terminaren-

124 2246 181 2296 tur.
216 2236 279 2298 Nec
300 2240 391 2298 minus
417 2240 552 2300 evitanda
573 2249 619 2300 est
640 2239 794 2299 immodica
815 2241 878 2300 eins
899 2240 1067 2322 longitudo,
1089 2257 1127 2298 ne

124 2322 154 2380 in
172 2329 259 2398 caput
277 2323 446 2383 excrevisse
457 2323 607 2399 videatur,
632 2333 661 2383 et
685 2338 742 2400 quo
759 2339 936 2402 praeparare
959 2323 1048 2384 debet
1064 2323 1127 2382 lati-

124 2412 186 2480 get.
218 2405 388 2464 Sermonem
404 2423 420 2464 a
435 2423 563 2484 persona
579 2403 681 2465 iudicis
696 2421 847 2482 aversum,
865 2425 940 2487 quae
956 2396 1129 2486 ἀποστροφὴ
1136 2410 1170 2466 63

126 2487 248 2562 dieitur,
275 2488 389 2566 quidam
410 2490 438 2546 in
459 2497 550 2549 totum
569 2507 585 2548 a
601 2491 753 2567 prooemio
773 2499 969 2564 summovent,
990 2488 1129 2549 nonnulla

125 2568 243 2648 quidem
265 2573 294 2630 in
316 2570 389 2631 lrano
406 2574 626 2650 persuasionem
650 2573 762 2632 ratione
777 2571 866 2631 ducti.
913 2571 986 2630 Nam
1007 2587 1127 2649 prorsus

126 2653 271 2714 essehoc
296 2656 387 2731 magis
407 2655 564 2715 secundnm
579 2664 709 2715 naturam
732 2654 925 2714 conitendum
941 2663 1001 2730 est,
1026 2662 1058 2713 ut
1074 2669 1127 2713 eos

125 2736 309 2815 alloquamur
334 2739 531 2817 potissimum,
558 2755 632 2824 qnos
669 2738 827 2799 conciliare
853 2737 937 2798 nobis
969 2737 1125 2798 studemus.

124 2820 242 2882 interim
257 2831 352 2883 tannen
367 2831 397 2882 et
412 2831 457 2883 est
473 2824 626 2902 prooemio
640 2822 826 2882 necessarius
845 2839 948 2882 sensns
967 2821 1081 2902 aliquis,
1099 2828 1170 2884 etet

125 2905 174 2964 laic
196 2908 292 2967 acrior
317 2907 347 2968 lit
370 2915 457 2986 atque
472 2905 673 2967 vehementior
688 2906 724 2969 aul
739 2921 894 2985 personum
910 2907 1038 2966 directus
1054 2905 1125 2965 alte·

123 2989 194 3047 rius.
232 2989 319 3064 Quod
336 2993 361 3050 si
378 2991 506 3066 accidat,
531 3007 589 3071 quo
613 2991 675 3050 inre
691 2999 741 3050 aut
755 3005 811 3069 qua
826 2999 904 3051 tanta
920 2991 1127 3068 superstitione

125 3069 312 3150 prohibemur
327 3075 397 3136 dare
420 3090 474 3152 per
489 3073 563 3134 hanc
580 3075 701 3152 liguram
716 3077 877 3136 sententiae
891 3071 992 3134 vires?
1023 3071 1169 3150 Nequede

127 3156 203 3214 enim
218 3157 293 3216 istud
309 3159 469 3236 scriptores
484 3159 613 3233 Artium,
636 3159 776 3236 quianon
792 3158 898 3234 liceat,
916 3157 971 3217 sed
986 3157 1054 3236 qnia
1070 3170 1128 3212 non

126 3247 230 3318 putent
245 3239 331 3315 utile,
356 3249 464 3302 uetant.
501 3240 545 3302 lta
562 3245 587 3301 si
601 3242 699 3302 vincet
713 3241 837 3318 utilitas,
859 3250 981 3321 propter
1004 3237 1126 3299 eandem

127 3337 243 3383 cansam
258 3322 358 3384 iacere
372 3323 560 3400 debebimus,
583 3334 704 3404 propter
725 3343 810 3404 quarn
831 3334 971 3384 vetamur.
1009 3321 1046 3382 Et
1067 3320 1171 3384 tte-ee

124 3405 292 3468 mosthenes
308 3415 404 3468 antem
419 3407 455 3468 ad
470 3406 637 3469 Aeschinen
656 3411 817 3468 cremonem
838 3409 867 3466 in
883 3406 1035 3486 prooemio
1058 3420 1125 3464 eon·

124 3493 230 3567 vertit,
254 3501 283 3552 et
297 3489 336 3552 li.
351 3489 481 3568 l'ullius,
503 3505 568 3551 cum
589 3508 642 3570 pro
665 3491 728 3552 aliis
747 3487 994 3634 quibusdam,1ad
1009 3505 1083 3568 qnos
1097 3489 1127 3548 oi

168 3595 196 3634 nr.
207 3595 230 3633 r.
245 3594 357 3644 qmnrm.
922 3573 937 3634 l
