2570 3946
189 201 228 262 14
506 209 871 270 rurnmoumrrmrur

144 378 179 434 14
187 377 246 428 tum
266 365 352 426 feret.
381 364 447 426 Nou
468 365 543 425 enim
562 381 623 426 rou
642 364 692 426 illa
708 364 911 443 praeceptoris
933 371 966 423 ut
987 379 1080 424 coena
1099 362 1199 424 minus

185 448 317 530 pluribus
338 448 462 525 sufficit,
485 447 540 510 sed
558 456 590 509 ut
611 449 658 508 sol
674 449 817 508 universis
837 447 913 508 idem
933 446 1008 508 lucis
1025 446 1199 526 calorisque

186 535 316 612 largitur.
359 531 565 594 Grammaticus
587 549 704 611 quoque
726 533 751 593 si
777 531 813 592 de
835 531 975 609 loquendi
999 531 1113 593 ratione
1134 530 1197 590 dis·

185 627 281 694 serat,
301 618 326 677 si
353 618 541 694 quaestiones
565 617 710 694 explicet,
730 615 867 678 historias
889 624 1033 694 exponat,
1055 621 1198 694 poemata
1274 649 1275 660 .

144 713 177 768 lt
186 711 317 764 enarret:
342 708 386 760 tot
407 700 457 760 illa
472 700 585 761 discent
600 710 671 779 qamt
685 700 810 761 audient.
843 699 883 760 At
903 700 978 759 euim
999 698 1198 760 emendationi

185 785 438 867 praelectionique
468 801 603 844 uumerus
631 783 739 845 obstat.
784 785 827 845 Sit
853 783 1082 860 incommodum,
1111 781 1196 860 (nam
1274 807 1275 814 ι

185 869 253 950 quid
278 869 343 932 fere
364 869 490 948 undique
509 868 609 948 placet
617 865 647 949 l)
674 885 743 930 mox
769 866 841 927 illud
861 866 1091 946 comparabimus
1112 882 1194 926 com·

184 954 288 1016 modis.
318 951 381 1014 Nec
396 969 454 1031 ego
469 961 564 1014 tamen
579 970 617 1014 eo
631 954 703 1012 mitti
717 969 838 1031 puerum
851 951 934 1027 uolo,
951 949 1000 1012 ubi
1014 950 1192 1030 negligatur.

185 1037 245 1100 Sed
260 1054 356 1116 neque
371 1045 549 1116 praeceptor
563 1036 657 1096 bouus
671 1039 781 1098 maiore
798 1053 832 1096 se
847 1034 941 1111 turba,
959 1051 1044 1113 quam
1059 1042 1090 1094 ut
1105 1035 1192 1094 susti·

185 1138 257 1184 nere
275 1138 338 1182 eam
354 1123 466 1199 possit,
487 1122 666 1189 oneraverit;
691 1130 721 1180 et
735 1121 763 1180 iu
779 1119 877 1198 primis
893 1117 1026 1180 habenda
1049 1135 1117 1178 cura
1134 1126 1192 1194 est,

186 1214 218 1268 ut
233 1207 259 1266 is
278 1206 353 1265 omui
368 1204 458 1265 modo
474 1205 524 1266 liat
541 1204 626 1266 nohis
645 1204 825 1264 familiariter
841 1205 968 1279 amicus,
987 1219 1043 1263 uec
1064 1201 1193 1262 officium

144 1292 177 1346 16
185 1290 214 1351 iu
238 1289 371 1352 docendo
399 1297 516 1368 spectet
539 1289 593 1349 sed
614 1288 758 1348 allectum.
799 1285 843 1347 lta
868 1303 1011 1366 uunquam
1036 1287 1142 1346 erimus
1163 1287 1192 1345 iu

185 1374 278 1435 turba.
319 1371 384 1432 Nec
407 1390 478 1432 saue
501 1373 653 1450 quisquam
678 1371 782 1431 litteris
807 1370 911 1430 saltem
935 1369 1041 1431 leviter
1066 1369 1190 1430 imbutus

187 1475 268 1532 eum,
290 1458 319 1515 in
335 1471 392 1535 quo
410 1455 533 1516 studium
549 1457 753 1533 ingeniumque
768 1455 973 1535 perspexerit,
992 1471 1051 1514 nou
1065 1454 1095 1513 iu
1110 1471 1192 1514 suam

186 1557 304 1620 quoque
327 1539 451 1616 gloriam
469 1539 658 1618 peculiariter
673 1537 795 1600 fovebit.
831 1538 891 1598 Sed
906 1547 937 1598 ut
954 1537 1112 1616 fugiendae
1134 1539 1192 1597 siut

185 1641 308 1702 maguae
322 1621 444 1684 scholae
468 1624 530 1700 (cui
545 1641 583 1682 rue
602 1624 659 1702 ipsi
674 1622 789 1700 quidem
804 1625 847 1682 rei
863 1623 1025 1698 assentior,
1046 1623 1071 1682 si
1086 1621 1122 1682 ad
1137 1621 1190 1680 ali·

186 1726 272 1787 quem
289 1708 393 1768 merito
416 1707 642 1786 concurritur,):
663 1721 722 1766 nou
738 1716 834 1767 tamen
850 1705 909 1766 boc
930 1723 966 1766 eo
982 1705 1077 1780 valet,
1095 1713 1126 1764 ut
1145 1703 1200 1764 fu·'

182 1790 309 1870 gieudue
335 1790 392 1850 sint
415 1791 530 1852 omniuo
555 1789 686 1852 scholae.
727 1789 814 1850 Aliud
838 1799 884 1850 est
909 1791 984 1850 enim
1007 1792 1100 1850 vitare
1126 1805 1189 1865 eae,

186 1874 264 1936 aliud
284 1875 407 1952 eligere.

145 1965 177 2020 l'l
268 1958 307 2020 llt
321 1960 346 2018 si
358 1959 544 2019 refutavimus
561 1975 635 2036 quae
652 1966 754 2018 centra
769 1957 913 2034 dicuntur,
928 1959 984 2017 iam
996 1955 1188 2035 explicemus,

145 2041 253 2122 18quid
280 2043 337 2120 ipsi
362 2059 525 2120 sequamur.
572 2040 648 2102 Ante
675 2043 771 2101 omnia
796 2040 909 2100 futurus
939 2049 1055 2115 orator,
1090 2040 1135 2100 cui
1160 2040 1190 2098 in

185 2127 307 2186 maxima
328 2125 499 2186 celebritate
518 2133 548 2185 et
567 2127 596 2184 iu
616 2124 710 2186 media
729 2124 925 2203 reipublicae
947 2125 1014 2185 luce
1035 2123 1190 2185 vivendum

187 2219 249 2286 est,
273 2217 424 2268 assuescat
438 2210 493 2267 iam
507 2227 525 2268 a
539 2217 642 2268 tenero
657 2225 716 2268 nou
737 2208 927 2269 reformidare
945 2208 1076 2269 bomines
1092 2224 1189 2286 neque
1274 2231 1275 2280 1

186 2293 316 2354 solitaria
333 2300 363 2352 et
376 2291 457 2352 velut
471 2291 629 2353 umbratica
643 2295 703 2352 uita
719 2293 896 2372 pallescere.
932 2290 1093 2353 Excitanda
1106 2306 1188 2350 mens
1274 2311 1275 2314 ¹

187 2385 217 2438 et
239 2376 399 2437 attollenda
424 2392 541 2454 semper
562 2385 622 2451 est,
649 2394 723 2456 quae
749 2379 778 2436 in
801 2375 964 2438 huiusmodi
988 2377 1112 2436 secretis
1139 2382 1189 2434 aut

186 2461 350 2538 languescit
366 2467 395 2519 et
410 2459 551 2538 quendam
565 2459 646 2520 velut
660 2463 689 2520 iu
704 2477 798 2540 opaco
813 2463 899 2523 situm
913 2460 1006 2536 ducit,
1023 2467 1072 2520 aut
1087 2467 1187 2519 contra

185 2545 320 2605 tumescit
334 2544 411 2606 inani
426 2545 632 2622 persuasione;
655 2562 780 2605 necesse
796 2554 841 2604 εει
863 2546 937 2604 euim
952 2545 1067 2603 nimium
1082 2541 1188 2602 tribuat

144 2634 177 2689 19
186 2627 259 2704 sibi,
285 2629 333 2706 qui
348 2645 381 2688 se
397 2628 501 2688 nemini
519 2637 677 2706 comparat.
710 2626 823 2690 Deinde
845 2647 909 2688 cum
930 2626 1107 2706 proferenda
1122 2633 1187 2684 sunt

186 2712 297 2787 studia,
320 2711 427 2788 caligat
446 2711 556 2772 insola
578 2721 608 2773 et
623 2713 717 2772 omnia
736 2729 812 2773 nova
834 2712 972 2786 offendit,
994 2711 1089 2790 utqui
1104 2708 1186 2770 solus

144 2805 179 2858 ιο
187 2793 320 2856 didicerit
341 2794 418 2873 quod
438 2797 512 2855 inter
529 2797 637 2856 multos
657 2796 820 2857 faciendum
842 2805 896 2855 εει.
932 2793 1014 2855 blitto
1035 2795 1186 2869 amicitias,

187 2895 261 2957 quae
282 2878 317 2937 ad
339 2886 518 2939 senectutem
539 2898 632 2959 usque
650 2881 810 2940 firmissime
832 2879 934 2939 durant
954 2878 1096 2956 religiosa
1119 2893 1186 2956 qua-

186 2963 250 3022 dam
270 2962 487 3022 necessitudine
506 2962 641 3023 imbutae.
675 2962 779 3043 Neque
796 2964 871 3024 euim
888 2972 934 3024 est
951 2964 1078 3022 sanctius
1095 2962 1186 3022 sacris

184 3044 288 3107 iisdem
310 3062 394 3124 quam
414 3046 514 3107 studiis
533 3048 645 3108 initiari.
681 3049 803 3108 Samum
822 3049 932 3126 ipsum,
958 3048 1007 3126 qui
1031 3045 1187 3106 communis

186 3129 307 3206 dicitur,
328 3127 377 3188 ubi
392 3129 500 3206 discet,
524 3149 588 3190 cum
602 3149 636 3192 se
653 3150 669 3192 a
689 3149 869 3208 congressu,
891 3132 939 3209 qui
954 3146 1012 3189 nou
1026 3127 1186 3190 bominibus

186 3213 281 3275 solum
294 3212 348 3273 sed
361 3215 446 3274 mutis
461 3231 578 3294 quoque
592 3214 760 3276 animalibus
776 3213 913 3275 naturalis
930 3222 986 3289 est,
1002 3208 1186 3292 segregarit?

145 3296 270 3357 ilddde
293 3296 370 3376 quod
391 3296 467 3358 domi
489 3317 523 3359 ea
544 3298 608 3359 sola
629 3298 745 3359 discere
760 3307 875 3376 potest,
903 3315 978 3378 quae
999 3299 1056 3377 ipsi
1074 3296 1186 3376 praeci·
1219 3297 1222 3305 “

186 3382 315 3459 pientur,
346 3383 374 3442 iu
396 3382 499 3443 ecbola
520 3385 607 3442 etiam
632 3400 706 3459 quae
725 3383 800 3442 aliis.
840 3381 948 3444 Audiet
967 3381 1056 3443 multa
1082 3379 1187 3440 cotidie

186 3464 303 3544 probari
324 3464 413 3528 multa
442 3467 565 3543 corrigi;
593 3465 724 3543 proderit
748 3465 869 3527 alicuius
892 3467 1045 3548 obiurgata
1067 3461 1186 3526 desidia.
