2608 3948
186 166 245 232 102
504 182 542 230 u.
554 180 633 228 ren.
646 179 866 240 numerurm

183 333 266 409 dam,
297 334 384 432 eique
409 333 506 396 locum
530 335 559 394 in
587 334 684 396 ethice
710 335 891 415 neqotiolem
917 335 1065 413 assignant
1091 334 1190 396 idest

182 438 395 499 mquypumrtou.
608 437 611 442 ·

157 512 175 567 4
268 500 334 580 Ego
350 502 462 580 (neque
478 501 508 562 id
522 501 586 561 sine
603 501 787 584 auctoribus)
803 504 987 564 materiam
1006 521 1074 563 esse
1088 502 1189 564 rheto-

100 655 125 676 ·
183 589 260 647 riccs
275 586 372 646 iudico
389 603 512 645 omnes
533 602 596 645 res
618 604 857 666 quaecunque
879 588 911 647 ei
933 587 976 648 ad
997 585 1190 648 dicendum

183 670 376 740 subiectae
397 670 480 729 sint.
509 667 582 730 Nam
595 671 734 732 Socrates
750 670 825 750 apud
838 669 989 734 Platonem
1003 670 1103 731 dicere
1116 669 1188 731 Gor·

183 755 250 832 giae
265 753 395 829 videtur,
418 769 476 812 non
490 753 519 811 in
533 753 632 814 verbis
647 773 718 815 esse
737 756 887 815 materiam
902 754 956 815 sed
971 756 1000 815 in
1014 754 1113 814 rebus.
1150 752 1189 814 Et

182 841 212 897 in
227 834 359 897 Phaedro
375 836 486 915 palam,
509 853 567 896 non
587 839 617 898 in
637 838 749 899 iudiciis
769 839 855 909 modo
877 847 906 899 et
930 837 1113 900 contionibus
1134 836 1189 904 sed

182 922 215 980 in
232 918 321 979 rebus
342 922 428 980 etiam
449 923 568 999 privetis
592 939 628 982 ac
654 922 822 983 domesticis
842 921 1010 982 rhetoricen
1030 939 1115 998 esse,
1137 921 1187 980 de-

181 1011 332 1063 monstrat.
358 1002 423 1078 Quo
437 1005 619 1066 manifestum
634 1015 679 1066 est
693 1004 767 1067 hanc
778 1006 945 1084 opinionem
956 1007 1047 1085 ipsius
1059 1004 1188 1067 Platonis

156 1086 285 1150 siuisse.
325 1085 363 1148 Et
383 1086 489 1149 (iicero
512 1089 637 1168 quodam
657 1089 725 1150 loco
747 1089 895 1150 materiam
917 1088 1081 1149 rhetorices
1100 1097 1190 1149 vocat

182 1189 249 1247 ree,
272 1189 348 1251 quae
368 1172 519 1234 subiectae
541 1175 597 1234 sint
619 1175 663 1248 ei,
685 1173 739 1234 sed
760 1179 856 1232 certas
879 1170 992 1232 demum
1015 1180 1096 1250 putat
1120 1189 1189 1232 esse

183 1255 342 1316 subiectas.
376 1255 443 1317 Alio
458 1274 532 1316 vero
548 1257 585 1317 de
600 1255 730 1317 omnibus
744 1255 834 1316 rebus
850 1256 959 1317 oratori
974 1255 1127 1316 dicendam
1142 1273 1188 1316 ar·

183 1339 305 1400 bitratur
318 1338 363 1400 his
382 1339 496 1418 quidem
510 1339 624 1400 verbis:
649 1338 833 1419 Quanquam
850 1342 898 1401 oie
912 1340 1047 1401 oratoris
1063 1339 1189 1417 prosce-

182 1425 289 1501 sioque
301 1425 372 1503 ipso
392 1424 467 1485 deoc
482 1424 608 1486 dicendi
625 1424 682 1486 doc
697 1424 856 1502 mercipcrc
870 1441 911 1486 uc
921 1423 1065 1503 polliceri
1078 1422 1189 1484 oidca-

184 1515 250 1585 tur‚
272 1513 306 1568 ut
325 1508 407 1568 ommi
420 1509 460 1570 de
478 1527 531 1584 re,
554 1523 757 1588 quoecumque
771 1509 812 1569 sit
826 1509 1000 1588 proposita,
1024 1513 1133 1569 oruate
1147 1507 1188 1568 ab

159 1599 219 1655 lico
233 1591 414 1670 copioseque
428 1592 563 1654 dicatur.
596 1591 693 1671 Atque
708 1592 802 1654 adhuc
817 1591 903 1653 alibi:
927 1588 1007 1652 Vero
1020 1591 1101 1652 mmm
1114 1607 1188 1652 cru-

184 1676 260 1751 tori,
288 1690 370 1752 quoe
392 1684 465 1738 eunt
484 1676 517 1739 in
539 1677 691 1738 Moenum
715 1677 795 1755 cito,
824 1675 1073 1753 quandoquidem
1096 1674 1130 1734 im
1149 1692 1189 1735 ea

183 1766 331 1820 uersatur
343 1767 450 1822 orator
465 1766 559 1838 atquc
578 1779 619 1822 co
632 1767 678 1823 eet
698 1761 727 1821 ei
745 1761 887 1822 subiecto
907 1761 1069 1833 materies,
1086 1757 1189 1820 ommia

184 1844 343 1923 quaerito,
360 1845 487 1922 audito,
503 1845 602 1922 tecta,
618 1844 793 1925 disputato,
813 1849 967 1919 tractato,
987 1843 1107 1922 oqitota
1121 1857 1188 1902 cecc

183 1929 302 1990 dedcmt.

158 2017 175 2074 7
268 2009 348 2071 llanc
364 2019 477 2087 autem,
499 2029 582 2091 qnam
602 2029 657 2072 noe
678 2013 825 2073 materiam
847 2025 1003 2084 vocamus,
1023 2008 1053 2068 id
1074 2016 1120 2068 est
1139 2025 1188 2067 res

184 2094 350 2170 subiectas,
374 2091 489 2172 quidam
501 2094 588 2155 modo
603 2094 739 2154 infinitam
753 2093 840 2155 modo
854 2110 913 2174 uon
927 2092 1074 2172 propriam
1089 2091 1187 2151 rheto-

185 2180 263 2239 rices
286 2195 354 2238 esse
369 2178 520 2255 dixerunt,
544 2196 666 2257 eamque
680 2187 771 2237 artem
792 2178 1085 2240 circumcurrentem
1100 2191 1187 2234 voca·

159 2271 303 2339 tuerent,
334 2261 412 2341 quod
434 2263 465 2321 in
488 2263 564 2322 omni
584 2264 703 2324 materia
728 2261 849 2321 diceret.
898 2257 971 2320 Onm
992 2258 1096 2339 quibus
1122 2258 1189 2318 milri

185 2348 299 2407 minima
314 2363 412 2427 pugna
430 2354 484 2406 est.
520 2346 594 2407 Nam
614 2346 651 2407 de
671 2347 747 2405 omni
759 2346 881 2406 materia
899 2343 999 2404 dicere
1020 2359 1083 2404 eam
1096 2342 1188 2402 laten·

185 2439 246 2500 tnr;
275 2431 423 2510 propriam
448 2429 558 2492 habere
583 2431 747 2506 materiam,
771 2431 837 2509 qnia
858 2426 1048 2507 multiplicem
1072 2423 1186 2501 lrabeat,
1276 2475 1277 2491 ,

185 2523 303 2594 negant.
342 2513 402 2576 Sed
427 2532 523 2594 neque
548 2514 656 2576 infinita
678 2523 738 2590 est,
767 2514 878 2575 etiamsi
901 2522 946 2572 est
968 2509 1136 2590 multiplex;
1161 2518 1188 2568 et
1275 2553 1276 2579 q

185 2600 261 2660 aliae
287 2615 413 2679 quoqne-
429 2607 507 2659 artes
534 2600 662 2660 minores
688 2597 796 2660 habent
819 2595 1008 2676 multiplicem
1028 2594 1186 2669 materiam,
1274 2625 1275 2669 q

184 2682 266 2743 velut
281 2683 526 2760 architectonice,
543 2701 666 2763 nemque
679 2701 714 2744 ea
729 2685 758 2742 in
774 2680 920 2757 omnihus,
938 2696 1013 2759 quae
1029 2687 1094 2739 sunt
1109 2677 1187 2743 aedi·
1273 2707 1274 2757 q

187 2766 254 2826 licio
269 2766 365 2842 utilia,
381 2777 532 2844 versatur,
549 2776 578 2828 et
593 2768 751 2843 caelatura,
769 2784 845 2847 quae
859 2782 941 2841 auro,
958 2771 1091 2841 argento,
1108 2779 1187 2838 aere,
1272 2767 1273 2845 q

162 2850 267 2918 olerro
294 2864 386 2928 opera
410 2850 509 2911 efficit.
561 2850 633 2912 Nam
658 2851 809 2931 sculptura
837 2851 923 2910 etiam
948 2847 1075 2927 lignum,
1107 2845 1187 2922 ebur,

186 2948 327 3010 marmor,
349 2934 467 3010 vitrum,
486 2951 633 3012 gemmas,
651 2943 806 3014 praeterea
822 2951 897 3013 quae
916 2931 1094 3012 supradixi,
1113 2948 1189 2992 com·

147 3018 334 3099 poplectitur.
371 3015 476 3096 Neque
497 3019 628 3097 protinus
642 3035 701 3080 non
720 3027 766 3078 est
784 3019 905 3079 materia
920 3017 1102 3092 rhetorices,
1123 3016 1147 3074 si
1162 3015 1192 3073 iu·
1269 3035 1270 3111 q

188 3103 290 3164 eadem
303 3110 438 3163 versatur
453 3111 483 3162 et
502 3102 587 3164 alius.
622 3103 696 3164 Nam
709 3103 735 3163 si
754 3119 907 3182 quaeram,
930 3118 1005 3180 quae
1020 3102 1057 3161 sit
1071 3099 1189 3160 materia
1268 3119 1269 3199 q

188 3187 335 3263 statuarii,
359 3186 566 3258 diaetarum
591 3190 617 3249 si
641 3204 795 3269 quaeram,
816 3205 892 3267 qnae
912 3186 949 3246 sit
969 3185 1139 3259 excusoris,
1161 3180 1191 3242 id

109 3334 113 3340 ,
190 3280 235 3332 est
254 3270 383 3332 labricae
397 3273 467 3344 eius
490 3289 574 3351 qnam
588 3271 693 3334 Gracci
707 3262 901 3353 χαλκευτικὴν
919 3277 1041 3346 vocant,
1060 3267 1191 3328 similiter

189 3360 327 3418 uca'esac
341 3358 548 3437 respondeant.
576 3357 664 3438 Atqui
679 3356 830 3437 plurimum
844 3356 946 3417 statuis
961 3353 1096 3416 differunt
1110 3368 1189 3412 vasa.

275 3439 410 3500 medicine
431 3441 498 3502 ideo
516 3458 573 3501 non
596 3443 734 3528 oritate,
756 3441 824 3520 quia
844 3441 942 3500 unctio
965 3448 995 3500 et
1019 3436 1191 3498 exercitatio
1250 3467 1265 3902 q
