2608 3948
205 199 268 263 184
529 213 566 260 as.
581 211 661 260 nna.
678 211 898 272 Quuuummur

203 365 309 444 dicem,
330 365 525 444 mitigandum,
545 365 755 427 concitandum.
795 363 880 439 Quod
904 365 1024 428 liberius
1044 365 1092 430 bic
1114 376 1144 430 et
1158 381 1211 432 re·

160 450 364 516 lobementius
380 451 442 510 lieri
462 457 579 529 potest,
602 450 670 528 quia
695 449 783 510 iudici
802 467 890 511 causa
910 453 964 511 iam
979 460 1049 512 nota
1069 462 1123 513 est.
1155 453 1212 516 llic

202 536 290 613 igitur
308 534 390 596 velut
414 533 566 608 lomentis,
587 533 698 612 siquid
717 533 771 593 erit
790 551 939 612 asperum,
960 535 1209 616 praemolliemus,

202 635 261 698 quo
277 618 392 680 facilius
411 635 496 680 aures
514 616 639 677 iudicum
655 635 730 696 quae
751 625 820 695 post
840 620 1019 696 proposituri
1035 621 1141 678 orimus
1158 622 1209 682 ad-

201 702 329 781 mittant,
355 720 391 762 ne
415 703 518 762 iustum
539 699 662 761 oderint.
707 699 784 762 Nihil
809 703 883 762 enim
905 701 993 763 iacile
1014 703 1209 781 persuadetur

159 786 307 851 llinvitis.
350 785 415 860 Quo
443 784 511 845 loco
539 794 633 846 tamen
658 785 760 844 iudicis
783 801 901 865 quoque
930 786 1079 846 noscenda
1106 795 1208 847 natura

202 879 262 947 est,
285 869 340 928 iuri
364 870 455 946 magis
480 887 515 928 an
534 884 628 948 aequo
650 869 687 928 sit
701 870 868 948 appositus;
885 870 1007 949 proinde
1024 871 1098 930 enim
1113 872 1207 948 magis

200 953 360 1016 autminus
384 953 439 1012 erit
469 952 527 1012 hoc
550 952 756 1012 necessarium.
808 950 945 1014 Ceterum
975 971 1023 1014 res
1050 955 1154 1015 cadem
1178 964 1208 1014 et

161 1041 165 1048 '
201 1044 269 1116 post
285 1037 485 1115 quaestionem
498 1037 693 1114 perorationis
712 1038 778 1095 vice
793 1035 931 1114 iungitur.

157 1130 192 1184 lt
283 1119 364 1181 llanc
381 1128 492 1200 partem
503 1118 686 1202 παρέκβασιν
702 1129 808 1180 vocant
827 1119 941 1197 Graeci,
962 1119 1053 1181 latini
1073 1139 1215 1198 egres,

198 1221 274 1274 sum
296 1205 346 1264 vol
368 1206 637 1286 egressionem.
682 1203 741 1266 Sed
764 1202 819 1265 bae
843 1213 908 1264 sunt
934 1203 1052 1284 plures,
1082 1213 1112 1264 ut
1133 1205 1204 1281 dixi,

199 1306 275 1368 quae
296 1306 350 1367 per
365 1296 454 1349 totam
470 1305 585 1349 causam
602 1288 700 1347 varios
716 1286 823 1347 habeut
844 1306 1001 1367 excursus,
1025 1298 1056 1348 nt
1072 1289 1135 1348 laus
1151 1287 1203 1348 bo·

197 1373 303 1432 minum
321 1371 528 1449 locorumque,
556 1379 585 1430 ut
601 1370 760 1450 descriptio
778 1372 945 1449 regionum,
970 1373 1116 1453 expositio
1134 1389 1203 1452 qua-

157 1455 318 1523 larundam
331 1473 428 1514 rerum
445 1464 608 1532 gestarum,
625 1463 656 1514 ut
676 1455 785 1516 laetitia
807 1454 977 1516 fabularum.
1012 1455 1077 1531 Quo
1095 1473 1132 1526 ex
1150 1473 1203 1534 ge·

198 1556 270 1598 nere
293 1546 338 1598 est
357 1539 386 1597 in
411 1538 590 1599 orationibus
614 1547 714 1600 contra
736 1538 859 1600 Verrem
892 1541 1062 1619 compositis
1084 1539 1204 1601 Siciliae

197 1621 272 1699 laus,
289 1620 482 1699 Proserpinae
498 1632 612 1700 raptus;
636 1640 689 1702 pro
708 1621 741 1682 C.
759 1621 897 1684 Cornelio
913 1623 1063 1704 popularis
1079 1623 1130 1698 illa
1145 1625 1203 1682 vir·

197 1714 288 1767 tutum
307 1704 358 1766 Cu.
377 1704 506 1785 Pompeii
523 1709 773 1782 commemoratio,
794 1709 823 1766 in
839 1725 923 1785 quam
944 1707 994 1767 ille
1010 1708 1121 1768 divinus
1138 1723 1202 1767 ora·
1284 1755 1285 1762 ,

197 1798 255 1866 tor,
274 1789 355 1850 velut
371 1793 486 1850 nomine
502 1793 566 1870 ipso
582 1790 664 1851 ducis
682 1809 783 1850 cursus
800 1791 913 1852 dicendi
929 1801 1095 1867 teneretur,
1117 1790 1202 1850 abru-

153 1880 189 1934 14
198 1883 267 1952 pto,
284 1891 369 1954 quem
383 1873 588 1951 inchoaverat,
610 1892 744 1934 sermone
761 1875 895 1954 devertit.
928 1874 973 1935 Ac
989 1883 1078 1935 totum
1093 1873 1203 1954 παρὲκ·

195 1959 282 2038 βασις
307 1968 369 2034 εει,
396 1967 426 2018 ut
448 1977 512 2018 mea
529 1959 643 2037 quidem
657 1959 715 2020 lert
739 1960 854 2038 opinio,
878 1959 1036 2019 alicuius
1059 1959 1115 2017 rei
1139 1957 1201 2018 sed

195 2042 239 2102 ad
263 2040 472 2102 utilitatem
495 2059 630 2101 causae
652 2045 875 2120 pertinentis
906 2051 1014 2104 extra
1036 2041 1202 2105 ordinent

196 2141 404 2184 excurrens
426 2127 613 2184 tractatio.
651 2125 837 2205 Quapropter
855 2142 913 2186 non
927 2126 1030 2203 video,
1053 2143 1105 2186 cur
1122 2124 1200 2185 huuc

196 2207 224 2266 ei
239 2207 418 2285 potissimum
434 2207 530 2267 locum
544 2209 707 2285 assignent,
729 2211 776 2288 qui
793 2227 889 2270 rerum
906 2210 1036 2270 ordinem
1052 2211 1199 2286 sequitur;

196 2306 255 2350 uon
268 2291 359 2367 magis
378 2308 462 2368 quam
476 2289 566 2366 illud,
591 2309 642 2351 cur
662 2291 719 2352 hoc
737 2309 842 2353 nomeu
864 2296 903 2353 ita
924 2295 1036 2354 demum
1052 2293 1202 2373 proprium

196 2382 307 2454 putent,
324 2375 348 2434 si
363 2375 472 2453 aliquid
488 2375 519 2434 in
532 2375 666 2452 digressu
681 2378 718 2436 sit
733 2377 946 2456 exponendum,
966 2396 1029 2438 cum
1046 2385 1090 2437 tot
1107 2375 1203 2435 modis

151 2465 312 2520 15arecto
333 2459 436 2519 itinere
451 2457 578 2520 declinet
597 2461 699 2520 oratio.
735 2459 807 2520 Nam
830 2461 968 2540 quidquid
990 2461 1094 2522 dicitur
1115 2476 1203 2539 prae·

194 2551 242 2603 ter
260 2541 326 2603 illas
342 2545 485 2622 quinque,
510 2561 581 2621 quas
601 2542 738 2620 fecimus,
762 2552 877 2624 partes,
899 2547 1033 2622 egressio
1051 2549 1114 2620 est,
1129 2541 1201 2604 indi·
1284 2617 1285 2622 ἵ

193 2628 311 2704 gnatio,
326 2628 493 2703 miseratio,
509 2626 628 2702 invidia,
647 2628 823 2703 convicium,
841 2630 1002 2704 excusatio,
1021 2627 1200 2704 conciliatio,

193 2710 420 2770 maledictorum.
428 2709 575 2771 refutatio.
606 2711 715 2773 Similia
731 2711 792 2790 his,
813 2730 887 2791 quae
915 2729 972 2772 non
987 2721 1051 2771 sunt
1068 2713 1096 2770 in
1112 2727 1202 2789 quae·

193 2794 302 2869 stione,
318 2796 409 2852 omnis
425 2794 625 2872 amplificatio,
642 2797 771 2872 minutio,
795 2813 880 2855 omne
897 2797 1019 2856 allectus
1033 2812 1139 2872 genus;
1156 2802 1200 2853 at·

194 2893 253 2954 que
272 2893 307 2936 ea
330 2877 452 2938 maxime
479 2878 630 2940 iucundam
649 2889 678 2939 et
693 2888 821 2940 ornatam
837 2878 945 2940 iaciunt
960 2881 1137 2953 orationem,
1161 2876 1202 2936 de

192 2957 329 3036 luxuria,
361 2960 397 3020 de
418 2963 553 3039 avaritia,
575 2961 612 3022 de
631 2963 792 3041 religione,
818 2962 855 3022 de
882 2963 1002 3032 olliciis3
1032 2979 1106 3042 quae
1134 2977 1201 3020 cum

193 3043 251 3103 sint
276 3046 452 3122 argumentis
477 3046 608 3106 subiecta
634 3047 765 3107 similium
790 3063 903 3123 rerum,
930 3048 997 3126 quia
1027 3047 1200 3121 cohaerent,

148 3131 186 3197 16
196 3129 299 3206 egredi
315 3146 373 3188 non
387 3129 530 3190 videntur.
562 3128 600 3189 llt
617 3130 739 3208 plurima
754 3139 835 3206 sunt,
859 3148 933 3208 quae
953 3129 1042 3190 rebus
1063 3128 1133 3189 nihil
1151 3145 1200 3188 se·

190 3229 259 3272 cum
277 3211 502 3274 cohaerentibus
518 3215 699 3290 inseruntur,
715 3213 820 3292 quibus
836 3214 924 3275 iudex
937 3215 1081 3289 relicitur,
1100 3211 1199 3272 admo·

192 3304 289 3372 netur,
304 3296 452 3377 placatur,
466 3305 603 3374 rogatur,
621 3297 764 3358 laudatur.
795 3295 1017 3374 Innumerabilia
1032 3305 1098 3360 sunt
1111 3295 1200 3370 baec,

193 3395 315 3458 quorum
329 3379 385 3440 alia
402 3379 445 3439 sic
460 3388 633 3459 praeparata
646 3376 816 3458 adimimus,
833 3382 973 3461 quaedam
988 3400 1025 3442 ex
1039 3379 1200 3441 occasione

192 3461 243 3522 'uel
257 3481 295 3522 ex
310 3462 486 3538 necessitate
502 3464 649 3543 ducimus,
671 3467 696 3525 si
714 3466 782 3546 quid
797 3465 881 3527 nobis
899 3464 1052 3544 agentibus
1066 3463 1133 3524 nori
1148 3479 1199 3524 ao·
