2570 3946
361 219 451 267 ruar.
475 217 625 269 caenon.
647 219 717 268 nnn.
741 219 772 285 1,
800 218 843 271 ru.
1015 181 1019 192 ⁵
1065 209 1105 269 57

97 381 250 436 merentur
272 391 328 433 nec
357 391 410 435 suo
439 375 503 434 nisu
523 372 625 436 studiis
648 374 783 435 insistunt
808 376 862 438 sed
881 374 1050 437 formandos
1071 393 1106 438 se

97 456 293 520 tantummodo
317 466 481 536 praestant,
502 475 561 520 non
580 456 713 517 similiter
734 457 902 536 fatigantur.
947 459 1145 526 Pnaetereall

97 542 257 604 seeundum
280 541 364 603 aliam
381 543 485 604 aetatis
502 541 579 602 illius
597 541 768 603 facilitatem
782 541 863 604 velut
877 543 1039 624 simplicius
1054 545 1104 606 dc·

98 635 200 687 centes
222 633 383 704 sequuntur
396 644 468 702 nec,
490 644 565 704 quae
587 627 643 686 iam
658 627 789 704 egerint,
809 627 975 689 metiuntur.
1010 628 1106 690 Abest

96 711 157 774 illis
180 709 275 771 adhuc
301 709 386 769 etiam
417 709 527 771 laboris
554 708 699 772 iudicium.
743 709 854 788 Porro,
880 721 911 772 ut
935 713 1107 792 ireqnenter

97 795 214 874 experti
231 810 346 870 sumus,
364 793 455 854 minus
472 793 563 855 aiiicit
581 811 685 854 sensus
702 794 836 873 iatigatio
850 813 936 875 quam
953 798 1104 875 cogitatio.

184 877 251 940 Sed
264 895 302 938 ne
326 879 467 956 temporis
489 877 604 958 quidem
623 895 748 958 unquam
772 879 838 958 plus
865 881 936 957 erit,
965 883 1033 960 quia
1059 882 1148 944 hislt

96 961 241 1024 aetatibus
264 963 355 1023 omnis
374 963 403 1023 in
420 962 562 1023 audiendo
584 963 737 1042 proiectus
757 972 812 1023 cst.
859 961 930 1026 Gum
951 965 988 1026 ad
1010 966 1107 1029 stilum

96 1045 238 1122 secedet,
262 1064 326 1107 cum
345 1045 499 1125 generabit
517 1047 583 1125 ipse
604 1046 712 1124 aliquid
733 1055 819 1127 atque
846 1057 1019 1128 componet:
1048 1058 1107 1110 tum

96 1129 238 1192 inchoare
255 1130 330 1191 baec
347 1130 441 1193 studia
464 1131 513 1191 vel
532 1148 590 1190 non
606 1129 724 1191 vacabit
744 1130 792 1190 vel
807 1147 866 1191 non
881 1130 993 1193 libebit
1024 1133 1106 1214 llrgo
1115 1143 1150 1196 13

98 1233 163 1276 cum
183 1215 389 1293 grammaticus
404 1222 496 1277 totum
520 1232 668 1293 occupare
690 1215 766 1274 diem
787 1231 845 1275 non
867 1219 962 1295 possit
981 1235 1038 1278 nec
1057 1218 1106 1280 de·
1152 1253 1156 1264 ·

96 1299 180 1375 beat,
198 1316 235 1360 ne
254 1298 393 1359 discentis
406 1300 529 1361 animum
546 1298 644 1360 taedio
664 1307 793 1360 avertat:
814 1298 917 1378 quibus
934 1301 1031 1379 potius
1047 1312 1106 1362 stu·

97 1383 152 1443 diis
175 1382 251 1443 baec
272 1391 434 1460 temporum
455 1384 537 1444 velut
558 1381 706 1444 subsiciva
726 1381 917 1444 donabimus?
960 1383 1033 1445 Nam
1053 1396 1150 1452 ncclt

98 1483 158 1546 ego
174 1466 327 1526 comminui
339 1467 535 1527 studentem
527 1485 555 1526 ιιι
566 1467 611 1527 his
626 1467 757 1548 partibus
770 1466 851 1544 volo,
871 1483 927 1528 nec
941 1469 1108 1531 moduletur

98 1557 147 1612 aut
163 1551 282 1610 musicis
295 1551 373 1611 notis
391 1552 504 1612 cantica
522 1551 660 1630 excipiat,
680 1570 736 1613 nec
752 1552 852 1632 utique
867 1554 903 1614 ad
919 1553 1108 1616 minutissima

97 1651 191 1714 usque
213 1633 394 1712 geometriae
415 1651 507 1713 opera
525 1635 695 1734 descendat,
718 1653 776 1696 non
794 1636 998 1699 comoedum
988 1657 1017 1700 m
1039 1657 1107 1739 prq-

89 1718 254 1780 nuntiando
272 1735 329 1779 nec
346 1718 543 1780 saltatorem
535 1738 564 1779 ιιι
582 1729 668 1797 gestu
684 1721 778 1789 iacio;
797 1737 874 1800 quae
892 1723 917 1781 si
935 1724 1030 1784 omnia
1045 1724 1106 1784 erri-

97 1821 210 1882 gcrcm,
233 1801 439 1882 suppeditabat
455 1812 551 1864 tamen
572 1811 695 1884 tempus.
740 1803 841 1882 Longa
856 1813 901 1866 est
920 1807 1005 1883 enim,
1032 1826 1108 1887 quae

98 1886 201 1964 discit,
225 1895 326 1964 aetas,
351 1896 380 1947 et
404 1904 462 1965 ego
482 1887 591 1948 nonde
613 1887 734 1948 tardis
725 1889 850 1965 ingeniis
872 1888 988 1967 loquor.
1019 1889 1149 1955 Dani-lo

98 1985 157 2051 que
175 1988 228 2031 cur
246 1971 275 2031 in
293 1969 338 2031 bis
354 1970 502 2048 omnibus,
527 1989 602 2050 quae
624 1970 764 2033 discenda
783 1973 893 2033 oratori
912 1973 1009 2038 buturo
1025 1983 1107 2053 puto,

98 2055 217 2116 eminuit
230 2053 325 2131 Plato,
347 2055 396 2135 qui
410 2072 468 2117 non
488 2064 641 2117 contentus
664 2055 836 2135 disciplinis,
859 2074 931 2137 quas
955 2067 1107 2136 praestare

98 2147 235 2219 poterant
257 2137 403 2215 Athenae,
428 2157 486 2200 non
507 2139 770 2218 Pythagoreorum,
795 2140 832 2202 ad
853 2158 928 2220 qnos
950 2143 979 2202 in
996 2141 1108 2204 ltaliam

98 2224 304 2301 navigaverat,
328 2224 458 2303 Aegypti
477 2241 594 2304 qnoque
611 2225 787 2287 sacerdotes
809 2223 878 2286 adiit
898 2233 986 2305 atque
1007 2244 1107 2287 eornm

98 2325 204 2368 arcana
222 2304 398 2385 perdidicit?

183 2389 370 2452 Difficultatis
392 2393 553 2471 patrocinia
578 2393 775 2471 praeteximus
804 2394 958 2470 segnitiae.
1003 2392 1108 2473 Neque
1117 2405 1151 2460 16

99 2475 175 2534 enirn
197 2473 282 2533 nobis
306 2477 405 2552 operis
428 2492 510 2536 amor
537 2485 593 2553 est,
617 2495 683 2554 nec,
708 2477 775 2554 quia
796 2477 834 2536 sit
855 2475 980 2537 honesta
1002 2495 1037 2538 ac
1060 2497 1107 2538 re-

69 2611 70 2616 ,
98 2576 161 2618 rum
179 2555 375 2636 pulcherrima
395 2559 581 2638 eloquentia,
605 2562 713 2640 petitur
733 2561 814 2638 ipsa,
842 2559 896 2620 sed
916 2560 952 2620 ad
974 2561 1109 2622 venalem

97 2660 181 2703 usum
204 2649 234 2702 et
256 2641 404 2702 sordidum
426 2643 539 2703 lucrum
560 2645 747 2721 accingimur.
793 2642 900 2703 Dicant
927 2643 991 2703 sinc
1013 2642 1058 2705 bis
1080 2646 1109 2704 in
1117 2652 1150 2709 17

98 2728 164 2787 ioro
178 2725 259 2786 multi
280 2734 310 2786 et
328 2727 488 2806 acquirant,
510 2726 578 2788 dum
599 2728 637 2787 sit
654 2727 833 2806 locupletior
848 2725 952 2806 aliquis
972 2728 1108 2790 sordidae

98 2813 204 2872 mercis
227 2812 396 2889 negotiator
423 2821 452 2872 et
472 2810 538 2890 plus
562 2813 631 2872 voci
650 2828 722 2871 suae
742 2809 850 2872 debeat
879 2827 1000 2890 praeco.
1044 2811 1109 2874 Neo

98 2894 186 2961 velim
205 2895 321 2974 quidem
339 2895 482 2958 lectorem
501 2895 563 2957 dari
581 2895 665 2974 mibi,
688 2895 756 2976 quid
772 2895 867 2956 studia
881 2894 1012 2958 referant
1029 2913 1108 2959 com-

99 2989 272 3059 putaturum.
318 2979 374 3053 Qui
399 2998 472 3043 vero
498 2980 652 3059 imaginem
679 2981 772 3060 ipsam
798 2978 986 3060 eloquentiae
1012 2979 1108 3042 divina
1118 2989 1152 3045 18

100 3062 223 3140 quadam
243 3072 341 3125 mente
366 3066 552 3145 conceperit,
584 3065 692 3145 quique
714 3063 794 3126 illam
817 3065 864 3144 (ut
885 3067 925 3125 ait
946 3081 1004 3125 non
1026 3065 1109 3142 igno·

100 3145 166 3207 bilis
189 3149 334 3228 tragicus)
356 3151 487 3228 reginam
509 3149 784 3213 renumerationem
800 3156 891 3228 ponet
908 3157 974 3208 ante
993 3147 1108 3224 oculos,

100 3230 284 3308 fructumque
306 3249 364 3292 non
386 3251 424 3293 ex
446 3235 522 3312 stipe
547 3233 770 3294 advocationum
798 3232 852 3294 sed
874 3250 912 3292 err
934 3232 1029 3290 animo
1054 3248 1109 3292 suo

101 3324 130 3376 et
152 3315 401 3393 contemplatione
422 3335 457 3378 ac
480 3317 604 3378 scicntia
624 3327 723 3396 petet,
754 3324 929 3396 perpetuum
950 3314 1031 3375 illurn
1054 3333 1110 3375 nec

100 3399 236 3462 fortunae
253 3398 430 3462 subiectam:
448 3399 537 3462 iacile
549 3401 737 3479 persuadebit
748 3400 816 3475 sibi,
835 3407 866 3459 ut
877 3407 1020 3477 tempora,
1034 3417 1110 3480 qnae

100 3481 298 3562 spectaculis,
327 3499 447 3564 campo,
470 3485 612 3562 tesseris,
640 3485 743 3544 otiosis
766 3482 892 3562 denique
913 3484 1108 3560 sermonibus,
