2608 3948
197 202 256 264 144
514 214 876 276 st.nan.Quirtu1n1Art1

194 372 293 450 utique
310 387 384 449 opus
406 385 473 429 esse
489 370 645 445 suasoriis,
669 378 791 449 propter
806 386 878 448 quas
894 369 954 430 dixi
969 387 1058 449 supra
1074 389 1192 450 causas,

194 456 234 516 ita
255 471 307 514 cur
326 454 406 514 initio
429 451 539 513 furioso
562 454 600 515 sit
620 452 853 529 exclamandum,
876 469 934 514 nou
954 453 1103 533 intelligo;
1129 474 1195 518 cum

194 538 346 618 proposita
361 535 574 599 consultatione
596 545 715 615 rogatus
731 539 919 614 sententiam,
942 538 967 596 si
983 538 1069 599 modo
1086 548 1133 600 est
1146 556 1194 602 sa-

194 640 263 697 nus,
287 638 344 682 non
366 621 483 700 quiritet
497 620 551 682 sed
569 638 653 700 quam
673 623 796 682 maxime
813 629 911 701 potest
929 622 1007 682 civili
1023 631 1053 683 et
1069 624 1194 686 humano

153 708 326 783 60ingressu
342 706 447 766 mereri
463 721 614 766 assensum
629 705 818 768 deliberantis
834 704 915 766 velit.
948 702 1006 767 Gur
1021 715 1117 768 autem
1133 715 1193 768 tor-

194 807 261 850 rens
280 799 309 850 et
326 790 425 868 utique
445 788 607 868 aequaliter
623 791 768 851 concitata
784 790 823 849 sit
841 790 869 848 in
884 806 920 849 ea
941 789 1063 850 dissutis
1086 793 1193 868 oratio,

196 891 259 934 cum
270 874 318 935 vel
334 874 492 952 praecipue
504 873 733 934 moderationem
744 872 867 934 consilia
878 871 1066 934 desiderent?
1087 873 1193 954 Neque

195 975 252 1035 ego
270 957 453 1036 negaverim,
478 957 595 1036 saepius
612 955 765 1018 subsidere
780 957 810 1018 in
825 959 1033 1018 controversiis
1055 959 1195 1037 impetum

194 1040 308 1102 dicendi
323 1043 490 1119 prooemio,
506 1041 688 1118 narratione,
705 1042 897 1120 armamentim
918 1059 994 1120 quae
1006 1043 1031 1102 si
1046 1042 1194 1119 detrahas,

193 1124 223 1186 id
236 1124 299 1186 lere
316 1126 476 1205 supererit,
499 1141 557 1205 quo
573 1128 723 1187 suasoriae
742 1135 892 1201 comtant,
916 1143 1016 1187 verum
1031 1126 1059 1186 id
1077 1143 1195 1207 quoque

151 1215 184 1269 61
194 1209 344 1288 aequalius
366 1209 421 1270 erit
441 1223 499 1268 non
515 1209 717 1271 tumultuosius
738 1219 827 1289 atque
848 1209 998 1271 turbidius.
1029 1210 1196 1271 Verborum

193 1301 289 1353 autem
303 1291 516 1372 magnificentia
531 1309 588 1352 non
603 1293 725 1354 validius
740 1303 787 1354 est
801 1293 964 1355 affectanda
979 1295 1126 1354 suasorias
1143 1293 1195 1354 de·

194 1375 383 1437 clamantibus
401 1374 454 1436 sed
472 1375 611 1452 contingit
633 1377 740 1454 magis;
763 1395 828 1439 nam
846 1384 876 1436 et
891 1393 1036 1455 personae
1055 1377 1118 1438 iare
1133 1394 1194 1439 ma-

193 1476 269 1535 gnae
290 1459 464 1535 lingentibus
483 1457 617 1537 placent,
640 1477 759 1538 regum,
782 1460 962 1539 principum,
983 1469 1118 1538 senatus,
1139 1477 1194 1540 po·

194 1540 255 1620 puli
275 1549 304 1602 et
325 1559 373 1602 res
395 1542 567 1621 ampliorem
591 1545 631 1604 ita
647 1561 711 1604 cum
733 1544 823 1605 verba
844 1543 933 1605 rebus
954 1553 1105 1624 aptentur,
1127 1546 1195 1623 ipso

151 1628 185 1680 62
194 1626 332 1698 materiae
346 1627 442 1687 nitore
457 1625 632 1687 clarescunt.
660 1627 726 1688 Alia
740 1629 804 1688 veri
820 1628 934 1689 consilii
950 1630 1024 1690 ratio
1040 1637 1097 1705 est,
1113 1628 1195 1690 ideo·

195 1727 251 1788 que
264 1707 482 1788 Theophrastus
498 1727 584 1788 quam
598 1711 720 1770 maxime
734 1718 876 1771 remotum
891 1710 927 1771 ab
944 1713 1019 1772 omni
1038 1712 1196 1774 affectione

194 1795 222 1853 in
238 1791 429 1854 deliberativo
446 1810 558 1871 genere
572 1793 665 1854 voluit
681 1811 748 1855 asse
764 1810 944 1870 sermonem,
960 1805 1079 1858 secutus
1093 1797 1122 1856 in
1136 1796 1196 1857 hoc

195 1877 394 1938 auctoritatem
414 1878 617 1956 praeceptoris
640 1878 700 1955 sui,
728 1895 891 1958 quanquam
919 1877 1074 1941 dissentire
1096 1879 1132 1940 ab
1156 1896 1195 1939 eo

150 1962 185 2017 63
193 1977 251 2022 non
270 1961 367 2023 timide
387 1961 475 2022 solet.
512 1960 643 2040 Namque
661 1960 838 2028 Aristoteles
860 1964 994 2026 idoneam
1007 1965 1134 2045 maxime
1158 1962 1205 2024 ad·

194 2043 377 2106 scribendum
398 2045 652 2106 demonstrativam
672 2047 890 2127 proximamque
913 2047 948 2109 ab
972 2065 1007 2108 ea
1028 2045 1198 2108 iudicialem

194 2129 321 2206 putavit,
338 2127 477 2189 videlicet
492 2129 625 2208 quoniam
643 2130 723 2209 prior
739 2130 790 2192 illa
805 2139 866 2191 tota
882 2139 962 2190 esset
977 2129 1196 2206 ostentationis,

193 2211 268 2272 baec
284 2209 413 2272 secunda
432 2220 536 2291 egeret
557 2214 643 2289 artis,
665 2214 714 2274 vel
736 2214 773 2275 ad
795 2213 969 2290 fallendum,
991 2214 1017 2273 si
1038 2212 1078 2274 ita
1099 2230 1196 2294 popo·

151 2294 301 2355 eiecisset
319 2293 444 2371 utilitas,
467 2296 589 2357 consilia
605 2297 662 2358 lide
686 2297 897 2376 prudentiaque
913 2306 1091 2359 constarent.
1125 2297 1195 2371 Qui·

194 2378 247 2438 bus
264 2378 291 2436 in
307 2377 534 2442 demonstrativa·
547 2382 710 2458 consentio,
726 2398 791 2442 nam
806 2389 836 2442 et
851 2397 951 2442 omnes
967 2382 1016 2442 alii
1032 2381 1194 2460 scriptores

194 2463 269 2524 idem
295 2462 486 2533 tradiderunt;
512 2465 541 2524 in
565 2464 677 2526 iudiciis
701 2473 796 2525 autem
819 2465 1011 2544 consiliisque
1035 2463 1195 2525 secundum

194 2546 395 2608 condicionem
415 2547 522 2626 ipsius,
545 2565 621 2627 quae
643 2547 829 2624 tractabitur,
851 2549 895 2610 rai
918 2547 1196 2610 accommodandam

151 2632 185 2686 65
194 2630 308 2691 dicendi
336 2631 425 2692 credo
450 2632 601 2694 rationem.
638 2629 711 2692 Nam
736 2640 766 2692 et
789 2631 966 2712 Philippicas
986 2631 1194 2694 Demosthenis

193 2714 295 2774 iisdem
323 2713 426 2793 quibus
448 2714 560 2776 habitas
587 2716 616 2775 in
643 2715 756 2777 indiciis
780 2718 928 2782 orationes
950 2716 1037 2779 rideo
1064 2717 1193 2777 eminere

193 2796 362 2873 virtutibus,
386 2806 415 2859 et
436 2798 587 2860 Ciceronis
611 2800 775 2862 sententiae
795 2809 826 2860 et
843 2800 999 2868 ,contiones
1022 2817 1081 2861 non
1101 2800 1193 2859 minus

194 2879 318 2957 clarum,
341 2899 426 2960 mam
449 2891 495 2943 est
517 2885 546 2942 iu
561 2883 794 2945 accusationibus
815 2902 851 2945 ac
873 2883 1107 2960 defensionibus,
1124 2879 1193 2943 ¹elo·

193 2964 328 3041 quentiae
354 2964 450 3027 lumen
476 2967 639 3028 ostendunt.
684 2965 762 3026 llicit
785 2974 880 3028 tamen
903 2967 979 3028 idem
1000 2968 1038 3028 de
1053 2967 1193 3028 ‘suasoria

192 3048 250 3108 boc
264 3048 367 3116 modo:
391 3049 467 3114 Toto
482 3059 585 3113 cotem
600 3050 700 3112 oratio
715 3050 846 3128 simplam
862 3060 891 3113 et
903 3053 1012 3131 procis
1027 3060 1057 3114 et
1072 3060 1193 3114 setten-

151 3132 243 3196 66ts'io
261 3133 350 3196 debet
367 3135 506 3197 ornator
524 3152 592 3195 esse
617 3147 710 3210 quum
728 3134 840 3195 verbis.
882 3135 972 3196 Usum
994 3135 1194 3215 exemplorum

192 3215 263 3276 nulli
284 3219 422 3280 materiae
442 3217 533 3295 magis
555 3214 720 3292 convenire,
733 3217 835 3278 merito
860 3219 924 3281 iere
946 3235 1046 3280 omnes
1069 3236 1192 3280 consen·

192 3300 280 3376 liunt,
302 3318 368 3362 curn
384 3301 556 3380 plerumque
576 3297 728 3360 videantur
743 3303 925 3381 respondere
940 3304 1035 3364 lutura
1050 3303 1192 3381 praeteri·

192 3383 244 3459 tis,
261 3382 459 3462 habeaturque
475 3383 704 3463 experimentum
718 3385 800 3448 velut
817 3388 960 3467 quoddam
974 3387 1094 3447 rationis
1110 3387 1193 3447 testi-

150 3466 324 3530 timonium.
367 3465 498 3528 Brevitas
521 3483 638 3549 quoque
661 3477 709 3530 aut
733 3471 818 3550 copia
838 3487 896 3532 non
916 3470 1055 3532 materias
1079 3485 1192 3548 genera
