2592 3940
199 200 262 262 224
513 211 550 259 u.
568 209 647 258 aas.
665 209 887 270 consument

202 385 305 448 equum
328 381 432 446 passas
459 373 554 433 essem
583 379 674 442 quae,
703 365 770 442 quia
792 371 874 424 eraut
896 365 1046 443 longiora,
1073 383 1131 428 non
1147 369 1212 430 suis
1278 379 1279 408 ³

160 450 297 518 liverbis
318 450 451 528 exposui.
495 447 590 508 Breve
612 456 707 507 autem
727 446 803 526 apud
820 445 981 525 Vergilium
1001 452 1138 511 contrarii
1157 469 1199 512 ex
1278 445 1279 482 ³

201 553 246 596 em
268 535 326 596 lum
344 542 405 594 est:

247 553 266 614 p
304 613 345 678 Aa
359 636 418 681 aaa
432 617 499 690 ille,
521 621 623 676 samm
638 629 698 692 qao
713 623 742 675 te
756 616 909 693 mentiris,
931 611 1065 680 Achilles

308 699 392 764 Talis
406 702 439 762 im
458 701 542 762 ltoste
556 698 618 776 [ait
631 697 764 760 Priamo.

161 785 350 861 lsQuaedam
370 791 464 844 autem
486 801 524 842 ex
546 783 598 858 iis,
629 799 704 860 quae
726 789 810 860 gesta
834 793 916 860 sunt,
938 793 999 844 tota
1016 784 1209 864 narrabimus,

200 879 231 931 ιιι
247 866 351 929 cicero
372 884 427 946 pro
447 865 572 926 Milone:
604 864 789 928 Pudicitiam
807 885 875 929 cam
894 870 1028 947 eriperet
1047 870 1135 930 nrilid
1152 870 1210 931 tri·

200 955 300 1015 dunas
316 951 459 1013 caldaeis
471 951 505 1011 im
519 949 660 1011 exercita
679 947 713 1009 C.
727 947 837 1029 Marii,
859 953 1053 1032 propinquas
1072 954 1138 1016 eius
1152 954 1210 1013 im-

198 1036 369 1117 peratoris,
387 1035 566 1114 intersectas
577 1033 617 1095 ab
630 1042 735 1110 esest,
754 1036 806 1096 cai
815 1037 876 1096 cim
887 1037 1045 1120 afferebat.
1089 1034 1211 1099 Facere

200 1121 280 1182 emim
292 1119 411 1199 prodas
427 1119 610 1181 adolescens
623 1119 813 1197 periculose,
835 1134 928 1197 qaam
941 1121 1065 1200 perpeti
1078 1118 1211 1198 turpiter

199 1204 327 1275 maluim-
347 1213 441 1284 atque
456 1203 540 1265 iaec
556 1202 608 1264 ille
627 1217 763 1264 sammaa
778 1206 828 1265 cir
845 1203 962 1266 scelere
980 1205 1111 1265 solutam
1122 1204 1209 1282 peri-

163 1289 270 1352 licalo
289 1289 442 1352 liberauit.
488 1285 636 1359 Quaedam
657 1287 822 1363 significare
847 1288 917 1346 satis
939 1289 1009 1363 erit,
1036 1294 1068 1346 ιιι
1081 1286 1159 1346 idem
1175 1303 1210 1346 ao

202 1388 255 1451 pro
278 1373 397 1432 eodem:
431 1369 538 1448 Neque
562 1371 642 1431 enim
662 1370 767 1448 posset
786 1367 888 1432 Almia
911 1371 964 1433 ille
987 1369 1138 1433 Servilius
1155 1378 1211 1432 aut

201 1453 234 1519 P.
251 1453 371 1516 Nasica
385 1462 440 1515 aut
458 1451 492 1514 L.
510 1449 649 1530 Opimius
665 1460 720 1513 aut
734 1470 781 1516 me
797 1455 920 1516 eunome
939 1463 1066 1517 serratas
1078 1471 1140 1516 aaa
1154 1473 1209 1516 ae-

199 1537 303 1615 sarias
316 1537 441 1614 labari,
463 1538 491 1596 si
505 1537 672 1597 sceleratos
684 1537 817 1616 interfici
835 1538 925 1618 nefas
939 1545 1027 1602 esset.
1071 1536 1154 1600 llaec
1170 1539 1210 1598 ita

201 1619 348 1763 dicerpur,
370 1627 457 1700 prout
472 1627 540 1678 nota
556 1628 654 1695 erunt,
672 1619 721 1679 vel
738 1620 846 1681 utilitas
863 1637 969 1682 causae
985 1631 1033 1682 aut
1048 1622 1140 1683 decor
1155 1637 1209 1702 po-

105 1722 108 1727 ·
200 1704 277 1765 stula
299 1705 329 1763 it.

160 1788 194 1846 l'l
285 1785 396 1847 Eadem
418 1788 492 1848 ratio
512 1794 557 1846 est
580 1803 695 1862 eorum,
724 1805 799 1866 quae
817 1806 855 1847 ex
880 1788 1042 1868 poeticis
1066 1787 1209 1849 fabulis

202 1871 361 1947 ducuntur,
388 1871 442 1931 nisi
466 1871 544 1949 quod
564 1871 599 1930 iis
614 1871 706 1930 minus
722 1871 920 1932 affirmationis
936 1871 1102 1940 adhibetur;
1127 1873 1209 1931 auius

202 1973 272 2016 usus
293 1956 386 2035 qualis
408 1972 476 2016 esse
496 1953 634 2030 deberet,
662 1953 737 2014 idem
758 1957 881 2035 optimus
901 1964 1002 2016 auctor
1020 1972 1055 2016 ac
1069 1953 1210 2033 magister

161 2040 389 2118 l8eloquentiae
413 2037 548 2098 ostendit.
593 2036 665 2097 Nam
685 2036 768 2098 huius
792 2056 908 2118 quoque
929 2041 1047 2117 generis
1062 2041 1091 2100 in
1106 2038 1210 2100 eadem

203 2125 334 2182 oratione
354 2122 518 2201 reperietur
540 2121 720 2199 exemplum:
751 2119 955 2200 diapsalma,
983 2123 1122 2200 iudices,
1149 2143 1210 2185 aon

201 2207 268 2267 siae
283 2222 382 2266 caasa
398 2205 489 2266 etiam
502 2203 584 2282 fictis
596 2204 713 2283 fabalis
723 2205 893 2268 doctissimi
900 2205 1034 2268 mntem
1044 2208 1210 2270 memoriae

200 2287 422 2369 prodiderant,
445 2307 534 2364 eam,
562 2289 616 2366 qai
635 2289 737 2367 pateis
761 2289 932 2352 ulciscendi
957 2307 1055 2352 caasa
1080 2298 1209 2353 mairem

202 2373 389 2449 necavisset,
409 2375 543 2434 sumatis
557 2373 707 2442 homimum
721 2374 894 2451 sententiis,
916 2392 976 2436 moa
990 2375 1088 2436 sotum
1104 2375 1209 2436 dicina

161 2456 195 2512 19
202 2457 258 2520 sed
271 2457 518 2536 sapientissimae
533 2457 612 2518 deae
626 2457 777 2518 sententia
793 2457 966 2522 liberatam.
1002 2456 1075 2518 lllae
1091 2473 1209 2536 quoque

203 2539 348 2616 fabellae,
366 2558 456 2621 quae,
475 2541 586 2600 etiamsi
602 2540 744 2616 originem
759 2556 817 2599 non
832 2539 867 2600 ab
883 2540 1005 2620 Aesopo
1018 2549 1207 2620 acceperunt,

205 2625 285 2704 (nam
302 2625 417 2684 videtur
437 2640 534 2684 earum
557 2623 665 2702 primus
682 2632 784 2684 auctor
798 2623 959 2704 Hesiodus)
976 2625 1091 2702 nomine
1113 2632 1209 2685 lamen

203 2707 316 2785 Aesopi
331 2707 454 2768 maxime
470 2705 671 2782 celebrantur,
692 2707 800 2767 ducere
816 2709 925 2768 animos
940 2708 1038 2769 solens
1049 2709 1209 2788 praecipue

203 2791 376 2850 rusticorum
392 2799 422 2851 el
435 2791 649 2870 imperitorum,
670 2792 718 2868 qui
730 2800 760 2851 et
775 2791 949 2871 simplicius,
966 2807 1041 2870 quae
1054 2792 1120 2854 licta
1132 2801 1208 2869 sunt,

204 2871 337 2948 audiunt,
368 2883 397 2934 ei
423 2875 499 2952 capti
524 2873 675 2953 voluptate
701 2874 789 2935 laoile
809 2875 861 2952 iis,
890 2874 992 2956 quibus
1015 2875 1197 2936 delectantur

205 2957 397 3016 consentiunt.
430 2957 577 3036 Siquidem
593 2965 623 3016 et
637 2955 786 3018 Menenius
798 2955 931 3038 Agrippa
947 2958 1065 3037 plebem
1081 2977 1146 3019 cum
1156 2975 1208 3036 pa·

204 3040 296 3100 tribus
313 3041 342 3100 in
356 3042 477 3118 gratiam
496 3040 617 3101 traditur
633 3040 785 3101 reduxisse
800 3050 869 3102 nota
884 3042 935 3103 illa
951 3041 988 3102 de
1003 3041 1139 3102 membris
1156 3041 1208 3102 hu·
1269 3055 1279 3127 ι

161 3126 294 3188 sonante
315 3124 454 3185 adversus
474 3132 604 3184 ventrem
619 3123 849 3185 discordantibus
866 3123 975 3186 fabula.
1019 3125 1058 3186 Ει
1071 3123 1208 3184 Horatius
1274 3132 1276 3141 '

206 3227 243 3268 ne
263 3210 292 3268 in
313 3217 447 3288 poemate
472 3207 587 3286 quidem
608 3205 743 3268 humilem
763 3211 881 3286 generis
902 3209 984 3270 huius
1000 3226 1082 3270 usum
1098 3209 1211 3287 putavit

204 3291 313 3352 inillis
335 3291 485 3366 versibus,
517 3287 608 3362 Quot
629 3292 709 3353 dicit
729 3293 836 3373 culpes
857 3299 982 3374 aeproto
1006 3301 1100 3356 cauta
1116 3292 1208 3354 leani.

204 3367 303 3437 Αἶνον
333 3373 436 3436 Graeci
451 3369 556 3435 uocant
568 3381 597 3434 et
613 3373 801 3454 αισωπείους,
822 3377 941 3454 uldini,
960 3369 1065 3458 λόγους
1082 3384 1112 3436 et
1126 3375 1210 3454 λιβυ-

206 3447 292 3531 seiae
314 3467 478 3519 nostrorum
493 3457 623 3538 quidam,
645 3477 787 3538 nonpsane
802 3469 924 3540 recepto
939 3462 968 3522 in
983 3477 1064 3521 usum
1080 3461 1210 3539 nomiae,
