2608 3948
187 203 228 266 94
504 177 867 270 launomarum

188 373 324 451 quentiae
346 370 421 431 inter
441 369 562 428 iuvenes
584 366 760 441 invenimus,
789 367 857 445 quin
880 367 908 428 in
929 367 1077 432 caelatura
1099 367 1193 447 clipei

161 454 310 523 ltAchillis
331 452 442 514 ethites
460 459 526 513 sunt
547 458 577 510 et
591 458 717 510 actores.
754 448 829 510 lllud
852 452 926 514 enim
944 452 1101 514 admouere
1117 453 1192 512 satis

187 549 247 616 est,
266 539 376 614 omnio,
394 553 468 616 qnae
483 551 530 596 ars
546 535 798 611 consummaverit,
815 551 832 596 a
847 543 947 598 natura
962 537 1043 604 initia
1058 535 1191 598 duxisse.

186 625 245 686 Aut
259 623 378 686 tollatur
390 620 548 695 medicina,
565 635 640 697 quae
656 637 694 678 ex
709 617 914 680 observatione
930 619 1086 685 salubrium
1101 627 1193 699 atque

186 709 231 772 bis
247 705 457 770 contrariorum
471 711 589 782 repertu
605 711 666 779 est,
690 711 734 779 et,
756 710 787 764 nt
807 703 977 782 quibusdam
992 704 1106 784 placet,
1128 712 1192 764 tota

187 800 303 857 constat
320 788 544 868 experimendo
565 804 629 848 nam
646 795 677 848 et
694 786 798 848 minus
815 787 956 866 deligavit
970 789 1091 868 aliquis,
1108 797 1192 848 ante·

187 893 272 957 quam
292 872 367 934 haec
387 890 434 932 ars
456 881 555 948 essct,
578 880 608 932 et
627 871 741 933 lebrem
761 874 859 952 quiete
876 881 907 932 et
920 872 1109 949 abstinentia,
1131 888 1192 936 uon

187 962 253 1038 quia
270 959 410 1023 rationem
431 955 562 1032 videbat,
585 956 639 1017 sed
660 957 727 1036 quia
748 956 777 1016 id
796 956 933 1018 sulcando
948 958 1014 1036 ipsa
1036 965 1191 1035 coegerat,

147 1043 336 1121 lomitigavit.
365 1039 429 1102 Nec
444 1040 556 1104 lubrica
570 1042 608 1102 sit
622 1058 685 1118 ars,
702 1057 786 1102 casus
804 1043 879 1102 enim
893 1042 976 1121 primi
989 1041 1032 1103 illi
1048 1043 1111 1102 sine
1127 1049 1191 1104 arte

186 1129 333 1196 loomunm
356 1144 411 1194 nec
425 1127 551 1201 musica,
567 1132 698 1188 cantatur
714 1143 750 1185 ac
765 1125 886 1189 saltatur
900 1143 954 1206 por
968 1143 1069 1188 ornnes
1083 1134 1191 1206 gentas

187 1213 285 1290 aliquo
298 1211 395 1273 modo.
425 1209 468 1271 lta
483 1211 508 1272 si
522 1207 671 1272 rhetorice
683 1211 784 1273 vocari
800 1209 889 1272 debet
902 1227 998 1272 sermo
1012 1211 1191 1290 quicunque,

147 1297 277 1360 llluisse
301 1313 381 1371 eam,
404 1305 556 1374 antequam
584 1302 666 1354 asset
687 1310 752 1372 ars,
775 1294 951 1363 confitebor;
980 1296 1005 1356 si
1026 1311 1098 1356 uero
1120 1310 1190 1370 non,

187 1383 318 1461 qnisqms
332 1381 476 1458 loquitur,
501 1385 600 1440 orator
615 1387 677 1454 cst,
700 1386 730 1438 et
750 1385 809 1440 turn
829 1396 886 1440 non
901 1387 1035 1458 tanquam
1055 1388 1190 1439 oratores

187 1464 395 1544 loquebantur:
424 1479 551 1524 necesse
573 1472 634 1539 est,
658 1472 804 1524 oratorem
826 1463 932 1526 lactum
956 1471 1019 1526 arte
1041 1481 1098 1524 nec
1122 1470 1190 1522 ante

187 1558 278 1610 artem
292 1548 400 1623 luisse,
422 1548 573 1609 fateantur.
611 1545 676 1622 Quo
692 1545 897 1626 illudquoque
913 1546 1093 1623 excluditur,
1112 1545 1190 1625 quod

188 1633 300 1710 dicunt,
321 1648 379 1692 uon
401 1649 469 1692 esse
489 1632 558 1692 artis
578 1632 623 1708 id,
647 1631 725 1711 quod
746 1631 854 1692 iaciant
874 1633 923 1711 qui
941 1649 999 1692 non
1019 1631 1189 1698 didicerint;

147 1718 285 1779 indicere
308 1725 403 1778 autem
422 1716 554 1777 homines
577 1717 675 1793 etqui
698 1731 755 1774 non
777 1716 939 1778 didicerint.
974 1715 1021 1776 Ad
1044 1717 1126 1776 cuins
1145 1715 1190 1776 rei

187 1801 586 1876 conflrmottononatterunt‚
603 1799 767 1875 Demaden,
787 1802 942 1878 remigem,
964 1809 994 1862 et
1009 1799 1189 1876 Aeschinen,

186 1887 375 1964 hypocriten,
397 1894 530 1947 oratores
545 1884 647 1944 luisse.
678 1882 780 1952 Falso;
803 1901 867 1944 nam
881 1902 978 1963 neque
993 1863 1093 1946 osculor
1109 1901 1188 1960 esse,

188 1972 235 2048 qui
256 1987 313 2030 non
333 1969 448 2046 didicit,
470 1977 586 2048 potest,
611 1976 640 2028 et
660 1966 715 2027 hos
735 1985 804 2028 sero
826 1970 922 2047 potius
942 1985 1026 2048 quam
1046 1985 1190 2047 nunquam

186 2054 324 2118 didicisse
350 2055 414 2132 quis
440 2053 556 2113 dixerit.
597 2051 767 2131 Quanquam
793 2052 957 2114 Aeschines
982 2052 1018 2114 ab
1044 2053 1126 2112 initio
1152 2053 1191 2111 sit

186 2146 319 2218 versatus
333 2138 363 2196 in
378 2137 498 2212 litteris,
515 2152 587 2215 quas
602 2145 686 2214 pater
701 2137 763 2196 eius
780 2139 864 2200 etiam
879 2136 1018 2206 docebam
1038 2135 1190 2198 Demaden

187 2239 283 2300 neque
301 2237 360 2280 non
375 2220 512 2281 didicisse
534 2228 644 2280 certum
664 2221 716 2295 sit,
741 2229 770 2280 et
787 2223 921 2283 continua
942 2221 1058 2282 dicendi
1074 2221 1188 2282 enerci-

187 2308 258 2366 tatio
282 2305 410 2383 potuerit
435 2312 559 2382 tantum,
582 2306 819 2384 quantuscunque
842 2316 946 2386 postea
969 2306 1038 2382 luit,
1062 2305 1187 2373 lecisse;

147 2400 250 2453 lanam
265 2389 293 2449 id
313 2389 542 2468 potentissimum
560 2387 692 2450 discendi
711 2407 805 2466 genus
821 2401 876 2455 est.
914 2391 975 2452 Sed
993 2398 1024 2451 et
1038 2397 1187 2469 praestan·

187 2477 309 2550 tionem,
338 2473 363 2533 si
390 2471 553 2547 didicisset,
581 2472 705 2532 loturum
730 2473 822 2536 luisse
849 2476 948 2536 dicere
976 2474 1063 2543 licet;
1091 2489 1187 2552 neque

188 2560 263 2620 enim
283 2557 431 2620 orationes
452 2555 584 2618 scribere
608 2565 653 2617 est
669 2574 772 2636 ausus,
791 2566 824 2620 ut
843 2575 908 2620 eum
927 2559 1046 2623 multum
1059 2558 1188 2619 valuisse

147 2645 216 2706 ldin
230 2642 353 2706 dicendo
374 2643 508 2703 sciamus.
539 2639 732 2719 Aristoteles,
756 2651 787 2704 ut
807 2643 901 2721 solet,
922 2641 1080 2723 quaerendi
1094 2640 1187 2720 gratia

188 2728 327 2807 quaedam
348 2727 513 2787 subtilitatis
535 2742 605 2786 suae
628 2735 796 2808 argumenta
818 2730 998 2807 excogitavit
1018 2729 1046 2788 in
1070 2725 1186 2802 Gryllo;

187 2810 331 2872 sedidem
346 2811 426 2871 etde
441 2817 503 2871 arte
517 2809 664 2872 rhetorica
678 2812 729 2871 tris
744 2811 836 2872 libros
851 2813 983 2891 scripsit,
1000 2821 1029 2872 et
1043 2813 1072 2871 in
1088 2827 1189 2870 eornm

187 2895 280 2974 primo
299 2910 357 2956 non
376 2902 467 2956 artem
486 2895 580 2956 solum
601 2913 663 2957 eam
678 2895 785 2956 latetur
800 2896 853 2957 sed
869 2897 896 2956 ei
911 2895 1081 2975 particulam
1097 2893 1187 2954 civili·

148 2988 179 3040 15
187 2979 256 3039 tatis
280 2979 356 3038 sieut
381 2979 567 3056 dialectices,
596 2980 734 3057 assignat.
785 2977 875 3041 llulta
902 2978 1048 3044 critolaus
1075 2986 1186 3054 eontra,

187 3061 275 3126 multa
290 3061 420 3126 Rhodius
435 3062 651 3126 Athenodorus.
686 3062 792 3140 Agnou
807 3065 923 3144 quidem
938 3065 1064 3127 detraxit
1077 3062 1132 3126 sibi
1146 3063 1187 3122 in·

188 3148 347 3227 scriptione
361 3149 424 3228 ipsa
439 3148 539 3224 iidem,
556 3164 612 3225 qua
625 3147 788 3208 rhetorices
802 3135 1018 3212 aoc'usationem
1034 3149 1187 3229 professus

189 3239 243 3292 est.
267 3229 340 3296 Nam
352 3231 388 3293 de
400 3231 539 3312 Epicuro,
555 3232 604 3308 qui
614 3229 780 3310 disciplinas
794 3251 894 3294 omnes
909 3233 993 3313 fugit,
1006 3233 1078 3296 nihil
1088 3234 1186 3294 miror.

147 3323 181 3379 16
271 3315 307 3376 lli
329 3317 478 3396 complura
498 3315 595 3377 dicunt
617 3315 727 3376 sodex
749 3320 850 3395 paucis
870 3319 945 3380 locis
966 3319 1067 3390 ducta;
1090 3320 1188 3394 itaque

188 3401 397 3478 potentissimis
413 3415 513 3461 eorum
530 3398 660 3460 breviter
675 3417 836 3480 occurram,
850 3422 888 3465 ne
902 3405 931 3464 in
945 3401 1084 3464 infinitum
1099 3399 1186 3480 ¹‹puae-

147 3485 246 3528 arnan„
264 3483 378 3544 evadat.
412 3482 505 3544 Prima
520 3482 566 3544 his
581 3489 790 3564 argumentatio
809 3507 847 3550 ex
860 3491 980 3552 materia
997 3497 1052 3550 est.
1081 3485 1187 3549 Omnes
