2592 3940
219 197 281 260 aot
535 205 666 256 masa.
683 201 915 264 consumatur·

220 364 301 432 dcet:
325 361 379 426 sed
400 378 476 422 nnuc
496 376 555 422 aon
575 358 612 420 de
634 373 673 418 eo
688 356 850 435 loquimur;
873 357 1013 431 alterum,
1031 373 1090 435 qno
1106 366 1231 418 senten·

189 449 286 513 atium
308 463 373 509 oum
394 446 520 512 ratioae;
541 443 670 518 tertium,
695 457 752 518 quo
774 449 883 501 certam
902 439 1041 518 quandam
1063 442 1232 520 argumenti

220 529 437 591 conclusionem
459 527 508 589 vel
532 544 569 586 ex
585 524 831 603 consequentibus
856 523 907 584 vel
924 541 961 584 ex
977 527 1228 603 repugnantibus;
1279 515 1281 522 ’

220 629 382 692 quanquam
403 609 441 672 de
467 610 525 672 hoc
545 626 647 688 parum
676 609 821 670 convenit.
865 607 938 670 Sunt
958 609 1050 685 euim,
1078 611 1128 688 qui
1153 610 1231 672 illud

220 699 300 776 prius
316 696 503 776 epichirema
518 693 631 769 dicant,
655 691 815 770 pluresque
831 692 961 752 invenies
978 692 1006 750 in
1022 709 1058 754 ea
1075 695 1229 774 opinione,

219 789 251 842 ut
266 779 293 840 id
309 779 432 854 demum,
452 777 529 856 quod
548 793 645 857 pugna
658 784 794 852 constat,
813 775 994 851 enthymema
1009 778 1105 855 accipi
1120 779 1228 855 velint,

191 873 250 930 aet
270 863 337 924 idco
364 860 435 924 illud
462 858 636 923 Cornificius
662 861 852 921 eontrarium
881 857 1021 939 appellat.
1066 859 1150 924 Hunc
1176 862 1229 922 alii

109 1006 116 1020 ,
218 947 404 1008 rhetoricum
424 945 644 1024 epttoqteusam,
662 943 711 1004 alii
723 943 934 1023 imperfectum
953 943 1158 1022 aylhpiemam
1173 963 1228 1006 vo-

220 1037 377 1105 caverunt,
399 1029 466 1108 quia
482 1046 538 1088 uec
552 1028 694 1089 distinctis
709 1045 765 1087 uec
781 1026 901 1087 totidem
915 1025 1047 1104 partibus
1064 1029 1227 1090 conclude·

190 1123 312 1184 aretum
336 1111 414 1192 (prod
437 1129 508 1174 saue
529 1128 587 1172 nou
608 1112 707 1190 utique
723 1109 760 1170 ab
775 1117 892 1171 oratore
910 1110 1100 1171 desideratur.
1133 1111 1226 1192 Epi-

222 1197 384 1260 chirema
403 1194 526 1274 Valgius
549 1196 779 1274 oppressionem
805 1202 907 1261 vocat:
936 1191 1042 1254 Galeas
1070 1204 1167 1256 autem
1184 1200 1226 1256 iu-

220 1281 313 1357 dicat,
341 1297 400 1340 non
427 1287 555 1340 nostram
578 1277 851 1338 administrationem
872 1276 926 1337 sed
946 1279 1039 1356 ipsam
1061 1296 1122 1338 rem
1140 1297 1227 1358 mam

220 1363 417 1441 aggredimur,
435 1361 463 1424 id
479 1371 525 1423 est
539 1369 748 1437 argumentum,
762 1377 819 1439 quo
831 1359 939 1439 aliquid
952 1361 1100 1439 probaturi
1113 1379 1225 1442 snmus,

221 1447 332 1512 etiamsi
353 1445 478 1506 noudum
501 1443 599 1506 verbis
628 1442 812 1522 explanatum
837 1445 892 1504 iam
919 1452 1014 1505 tamen
1032 1456 1130 1506 mente
1154 1465 1226 1508 cou-

192 1529 354 1607 5ceptum',
379 1529 555 1608 epichirema
572 1527 639 1590 dici.
672 1526 746 1588 Aliis
762 1528 891 1602 videtur,
915 1544 972 1589 non
989 1525 1161 1590 destinatum
1176 1531 1227 1592 rel

218 1613 382 1676 inchoatam
404 1612 457 1674 sed
478 1611 640 1690 perlectam
655 1610 857 1689 probationem
880 1610 938 1672 hcc
951 1628 1058 1674 nomen
1073 1615 1227 1692 accipere,

220 1705 250 1757 et
266 1696 392 1758 ultimam
408 1697 552 1775 speciem
576 1695 703 1774 ideoque
720 1696 839 1773 propria
864 1695 926 1755 eins
944 1696 1104 1775 appellatio
1121 1706 1151 1756 et
1165 1716 1226 1757 ma·
1280 1693 1281 1742 ἓ

220 1782 297 1840 xime
314 1782 342 1841 in
358 1799 411 1842 usu
430 1787 474 1841 est
493 1780 605 1858 positu,
630 1796 687 1857 qua
701 1778 881 1857 significatur
903 1787 984 1840 certa
1002 1779 1142 1858 quaedam
1158 1799 1226 1842 sen·
1280 1809 1281 1818 ι

221 1865 329 1926 tentiae
347 1862 581 1943 comprehensio,
599 1879 674 1941 quae
693 1879 730 1922 ex
746 1861 835 1923 trihus
851 1863 995 1923 minimum
1006 1863 1138 1942 partibus
1154 1881 1226 1926 con-

191 1956 286 2014 ostat.
336 1947 458 2022 Quidam
494 1945 673 2026 epichirema
703 1947 853 2008 rationem
881 1946 1081 2025 appellaruut;
1118 1945 1227 2008 Cicero

219 2031 323 2092 melius
338 2033 612 2105 ratiocinationem,
629 2047 790 2108 quanquam
806 2037 835 2091 et
849 2029 901 2091 illa
916 2045 1021 2090 nomeu
1035 2031 1093 2090 hoc
1103 2031 1227 2092 duxisse

220 2115 311 2190 magis
335 2131 352 2173 a
373 2112 546 2192 syllogismo
572 2113 695 2174 videtur.
740 2111 812 2173 Nam
832 2122 861 2173 ει
882 2122 986 2174 statum
1011 2113 1227 2192 syllogisticum

219 2197 467 2258 ratiocinativum
483 2195 628 2276 appellat,
652 2197 854 2275 exemplisque
870 2198 957 2258 utitur
971 2196 1225 2276 philosophorum.

219 2278 258 2340 lit
280 2279 415 2358 quoniam
436 2289 482 2340 est
504 2279 645 2359 quaedam
663 2281 739 2341 iuter
759 2280 961 2357 syllogismum
990 2290 1020 2341 et
1046 2280 1225 2359 epichirema

192 2365 370 2432 avicioitas:
395 2372 494 2443 potest
516 2365 610 2426 videri
632 2363 689 2426 hoo
711 2366 827 2424 nomine
850 2373 932 2426 recte
960 2363 1077 2425 abusum
1120 2359 1224 2426 Ἀπό-

222 2447 341 2522 δειξις
356 2457 401 2508 est
419 2450 539 2511 euidens
555 2447 702 2528 probatio,
718 2448 845 2526 ideoque
860 2448 936 2525 apud
949 2446 1120 2510 Geometras
1131 2471 1224 2528 ypep-

220 2530 305 2610 yuaul
325 2524 488 2606 ἀποδείξεις
505 2532 646 2594 dicuntur.
680 2531 761 2592 Hanc
785 2541 815 2592 et
836 2530 872 2593 ah
897 2531 1104 2610 epichiremate
1121 2529 1224 2592 Caeci-

220 2615 276 2680 lius
292 2625 374 2695 putet
388 2613 508 2678 differre
521 2616 588 2677 solo
603 2633 714 2694 genere
731 2614 927 2677 conclusionis
953 2625 983 2676 et
998 2635 1066 2676 esse
1085 2615 1225 2692 apodixin

220 2699 421 2776 imperfectum
444 2699 621 2778 epichirema
642 2700 742 2766 eadem
767 2716 873 2776 causa,
902 2716 959 2778 qua
979 2699 1101 2760 diximus
1123 2697 1223 2773 enthy·

220 2798 313 2841 meme
339 2781 510 2860 syllogismo
540 2784 656 2844 distare.
697 2781 770 2842 Nam
798 2791 828 2842 ει
857 2782 1034 2862 epichirema
1061 2780 1224 2859 syllogismi

220 2879 289 2941 pars
306 2872 360 2924 est.
390 2862 511 2939 Quidam
523 2869 622 2927 inesse
634 2865 834 2944 epichiremati
853 2867 989 2945 apodixin
1001 2874 1101 2945 putant
1113 2873 1143 2924 et
1156 2882 1224 2924 esse

191 2955 334 3024 apartem
356 2949 418 3010 eius
442 2951 666 3012 confirmantem.
707 2949 866 3028 Utrumque
887 2959 981 3010 autem
1002 2967 1163 3028 quanquam
1183 2947 1223 3008 di-

220 3031 300 3092 versi
315 3041 451 3095 auctores
468 3034 572 3095 eodem
588 3034 675 3095 modo
692 3033 808 3108 linium,
819 3033 934 3094 scilicet
948 3035 1090 3094 rationem
1107 3050 1161 3111 per
1176 3049 1222 3107 ea,

222 3131 296 3192 quae
310 3126 392 3178 certa
407 3126 490 3193 suut,
506 3119 625 3178 incertis
644 3116 730 3178 iidem
741 3133 799 3176 uon
813 3112 928 3176 dubiam
940 3117 1125 3184 afferentem
1149 3132 1225 3194 quae

105 3201 107 3205 ’
221 3207 322 3262 natura
337 3209 384 3261 cst
399 3202 523 3262 omnium
535 3209 785 3278 argumentorum,
806 3218 903 3279 neque
920 3203 995 3261 enim
1012 3211 1094 3261 certa
1105 3201 1223 3260 incertis

221 3280 416 3344 declarantur.
444 3282 526 3348 llaec
542 3285 638 3346 omnia
652 3284 831 3362 generaliter
844 3284 954 3358 πίστεις
969 3284 1129 3364 appellant,
1145 3281 1224 3362 quod

222 3367 334 3426 etiamsi
349 3367 468 3446 propria
482 3369 721 3447 interpretatione
735 3367 835 3430 dicere
848 3366 942 3446 iidem
956 3385 1121 3448 possamus,
1138 3383 1224 3445 aper·
1278 3387 1279 3390 ¹

222 3448 278 3508 tius
298 3457 394 3510 temen
410 3452 622 3530 probationem
641 3450 903 3532 interpretabimur.
946 3452 1006 3514 Sed
1032 3465 1223 3530 argumen-
