2592 3940
194 195 256 260 228
408 177 413 186 ’
511 208 874 269 u.raa.oumr1n1anr

151 365 320 445 loplurimis
341 364 474 424 versibus
495 379 553 424 non
573 363 762 426 lastldierunt.
807 359 911 438 Neque
928 370 973 420 ert
994 360 1125 438 ignobile
1147 379 1203 421 ex-

194 447 334 528 emplum,
356 446 503 526 Megarios
518 447 554 507 ab
569 445 811 520 Atheniensibus,
835 462 899 502 cum
915 445 952 504 de
968 444 1113 505 Salamine
1128 462 1203 504 con·

194 533 362 608 tenderent,
383 533 478 592 victos
492 530 609 591 Homeri
625 547 728 604 versu,
752 529 799 606 qui
815 536 909 589 tamon
924 529 988 605 ipse
1003 543 1060 588 non
1074 530 1103 589 in
1121 529 1203 588 omni

194 617 321 677 editione
334 617 494 693 reperitur,
515 613 697 691 significans,
716 612 835 672 Aiacem
851 629 940 671 naves
956 630 1023 672 ιιιιε
1038 610 1211 682 Αιιιειιίειι·Ι
1276 607 1277 668 3

151 699 272 760 tisibus
294 700 430 758 iunxisse.
475 696 518 756 Ea
538 714 671 776 quoque,
694 713 769 774 quae
784 694 873 771 vulgo
894 704 1015 773 recepta
1036 704 1117 771 sunt,
1140 696 1201 755 boc

194 785 278 861 ipso,
301 782 378 861 quod
397 783 537 840 incertum
558 789 707 844 auctorem
724 778 846 853 habent,
869 777 948 838 uelut
971 781 1095 838 omnium
1112 777 1199 839 liunt:

195 867 282 944 quale
304 873 365 940 est,
401 862 458 926 Ubi
475 865 583 941 amici,
605 865 649 926 ibi
663 880 756 942 open
777 870 823 937 ει,
849 857 1041 924 Comoiootio
1056 863 1138 924 mille
1154 869 1200 926 ιε-

180 957 275 1019 ·.ιιει,Ι
304 957 333 1006 et
355 942 430 1025 apud
452 945 640 1023 Ciceronem,
668 945 765 1008 Poros
786 953 888 1007 cutem
908 944 955 1025 (ut
977 953 1023 1008 εει
1044 947 1077 1006 in
1096 955 1200 1007 vetere

191 1032 370 1110 proverbio)
400 1049 468 1092 cum
494 1032 628 1112 paribus
660 1031 793 1092 mcetme
822 1038 1069 1109 concrepantem·
1102 1047 1199 1108 neque

195 1115 270 1174 enim
291 1116 443 1176 durassent
464 1114 538 1177 haec
561 1116 589 1173 in
609 1123 774 1188 aeternum,
797 1113 851 1171 nisi
872 1129 942 1172 vera
966 1112 1097 1172 omnibus
1118 1114 1198 1173 vide-

155 1199 301 1259 lireutur.
346 1198 465 1259 Ponitur
485 1216 502 1258 a
518 1197 687 1277 quibusdam
702 1206 731 1257 et
747 1196 862 1276 quidem
878 1197 906 1255 in
922 1206 1005 1274 parte
1023 1199 1113 1274 prima
1128 1197 1184 1256 deo

197 1283 452 1357 rumauctoritas,
474 1290 616 1360 quaeest
641 1298 678 1341 ex
698 1281 865 1358 responsis,
888 1289 934 1355 ut,
957 1279 1109 1342 Socraten
1132 1298 1201 1342 essa

195 1368 461 1446 sapientissimum.
507 1363 539 1424 ld
559 1382 654 1424 rarum
669 1373 714 1424 est
729 1379 786 1423 nou
801 1363 863 1422 sine
882 1381 935 1422 usu
955 1372 1058 1424 tamen.
1103 1362 1200 1424 Utitur

197 1466 233 1509 eo
250 1447 355 1508 Cicero
371 1450 399 1506 in
415 1447 489 1507 libro
505 1449 541 1508 de
556 1450 720 1526 aruspicum
732 1465 779 1507 res
802 1448 882 1506 onsis
898 1457 927 1506 ει
941 1449 970 1506 in
981 1448 1117 1507 contione
1129 1462 1199 1506 eon·

195 1541 237 1592 tra
252 1529 419 1607 Catilinam,
441 1548 505 1590 cum
520 1532 632 1607 signum
646 1530 724 1591 loris
741 1465 893 1591 colimne
907 1532 1071 1612 impositum
1087 1529 1199 1609 populo

196 1615 337 1684 ostendit;
362 1623 392 1674 et
407 1630 461 1691 pro
474 1613 606 1691 ligario,
627 1633 691 1674 cum
705 1631 820 1675 causam
837 1609 870 1672 G.
886 1609 1020 1675 caesaris
1036 1613 1198 1688 meliorem,

196 1699 335 1777 quiahoc
351 1698 389 1757 dii
404 1699 607 1773 iudicaverint,
628 1698 789 1758 confitetur.
819 1696 901 1770 Quae
919 1716 984 1757 cum
999 1698 1118 1775 proprie
1131 1714 1199 1756 ceu-

196 1799 247 1842 sae
263 1791 344 1858 sunt,
369 1783 463 1842 diuina
479 1782 648 1842 testimonia·
659 1790 812 1848 uocantum
836 1798 900 1840 cum
915 1781 1031 1842 aliunde
1047 1797 1200 1840 arcessun-
1276 1803 1277 1814 ι

154 1873 258 1941 tetur,
281 1875 459 1944 argumenta.
503 1863 712 1944 Nonnunquam
734 1865 874 1940 contingit
891 1865 996 1924 'iudicis
1018 1880 1136 1943 quoque
1152 1872 1201 1922 aut
1276 1861 1277 1864 ’

79 1997 81 2002 ,
196 1951 354 2010 adversarii
372 1959 419 2010 aut
441 1951 521 2024 eius,
545 1951 593 2027 qui
615 1967 652 2008 ex
673 1949 790 2010 diverso
806 1949 882 2024 agit,
906 1947 1011 2008 dictum
1027 1947 1135 2024 aliquid
1153 1955 1201 2008 aut

195 2031 302 2092 iactum
320 2050 468 2093 assumere
486 2033 522 2093 ad
538 2049 654 2108 eorum,
677 2049 753 2110 quae
769 2030 956 2106 intendimus,
980 2029 1074 2090 fidem.

281 2114 405 2193 Propter
421 2115 498 2193 quod
516 2115 647 2191 luerunt,
672 2117 720 2193 qui
737 2113 872 2193 exempla
889 2122 919 2173 ει
936 2113 988 2175 has
1011 2113 1201 2174 auctoritates
1276 2179 1277 2186 ἵ

196 2197 415 2257 inartificialium
436 2197 638 2275 probationum
658 2215 726 2258 esse
747 2197 970 2273 arbitrarentur,
996 2197 1074 2277 quod
1090 2213 1126 2257 ea
1143 2212 1202 2256 non
1276 2189 1277 2260 ἶ

154 2281 338 2342 ⁴llirtveniret
352 2289 452 2341 orator
468 2280 521 2341 sed
538 2283 696 2359 acciperet.
728 2281 882 2341 Plurimum
896 2289 990 2340 autem
1001 2280 1102 2341 refert.
1129 2278 1202 2340 Nam
1276 2337 1277 2344 ,

196 2365 280 2425 testis
296 2373 325 2424 ει
340 2366 472 2444 quaestio
489 2374 518 2426 et
533 2366 577 2426 bis
593 2365 696 2425 similia
707 2365 744 2426 dc
757 2365 820 2442 ipsa
832 2383 880 2439 re,
898 2381 973 2442 quae
985 2365 1014 2424 ia
1024 2363 1131 2424 iudicio
1144 2373 1202 2439 est,

196 2450 393 2526 pronuntiant:
411 2458 493 2510 extra
505 2450 611 2528 petita,
628 2450 682 2508 nisi
694 2449 730 2508 ad
741 2447 864 2527 aliquam
877 2449 1042 2526 praesentis
1055 2448 1203 2526 discepta-
1276 2467 1277 2524 ι

197 2533 283 2592 tionis
299 2532 449 2593 utilitatem
464 2534 581 2610 ingenio
597 2532 789 2610 applicantur,
811 2531 881 2590 nilril
896 2549 950 2609 per
966 2549 1000 2590 se
1014 2530 1122 2590 valent.

485 2683 529 2734 uu
547 2683 610 2735 USU
627 2682 909 2736 ARGUMENTORUM.

281 2779 344 2840 llll.
389 2777 470 2840 llaec
493 2780 557 2840 lere
578 2780 615 2841 de
635 2780 808 2859 probatione
830 2779 878 2840 rel
902 2778 937 2840 ab
953 2777 1016 2838 aliis
1033 2778 1137 2837 tradita
1154 2776 1204 2836 vel
1276 2801 1277 2806 ¹

194 2880 249 2921 osu
273 2872 414 2941 percepta
434 2865 463 2922 in
483 2863 541 2924 lroo
566 2873 679 2943 tempus
704 2864 842 2925 sciebam.
888 2861 992 2941 Neque
1011 2860 1080 2920 mibi
1098 2860 1205 2920 lidueia
1276 2889 1277 2896 ι

196 2955 258 3020 εει,
283 2953 313 3004 ιι
336 2963 371 3005 ea
387 2945 450 3005 sola
466 2963 533 3006 esse
549 2948 737 3024 contendam,
757 2949 925 3027 quinimmo
942 2945 1044 3006 hortor
1061 2943 1097 3003 ad
1113 2960 1205 3021 quae-

194 3029 314 3089 rendum
331 3037 359 3088 et
376 3029 498 3089 inveniri
513 3047 603 3109 posse
618 3031 728 3099 lateor;
753 3048 828 3111 quae
844 3040 939 3091 tamen
950 3029 1068 3089 'adiecta
1083 3027 1204 3104 luerint,

194 3130 253 3174 non
276 3113 394 3173 multum
419 3111 454 3174 ab
480 3112 525 3173 his
552 3114 756 3176 abhorrebunt.
806 3113 890 3174 Nunc
914 3113 1054 3186 breviter,
1080 3127 1206 3189 quem·
1276 3103 1277 3170 l

170 3197 382 3260 tadmodum
404 3198 451 3257 sit
471 3199 643 3258 utendum
664 3200 734 3273 eis,
758 3196 937 3275 subiungam.
975 3195 1125 3256 Traditum
1138 3192 1207 3254 iere
1276 3189 1277 3236 ἶ

196 3290 257 3355 est,
281 3290 478 3358 argumentum
493 3291 632 3360 oportere
650 3299 719 3342 esse
733 3281 914 3351 confessum
934 3279 1027 3340 dubiis
1044 3279 1118 3338 enim
1134 3295 1207 3356 pro·

195 3362 258 3423 bari
274 3363 359 3424 dubia
375 3366 423 3443 qui
439 3362 580 3444 possunt?
604 3364 750 3438 Quaedam
766 3374 876 3440 tamen,
894 3381 969 3442 quae
982 3364 1011 3421 in
1024 3361 1143 3423 alterius
1159 3361 1208 3420 rei

195 3445 398 3512 probationem
414 3446 557 3525 ducimus,
581 3449 644 3528 ipsa
660 3447 808 3529 probanda
824 3456 897 3508 sunt.
927 3444 1077 3509 Occidisti
1090 3445 1208 3520 situm,
