2570 3946
165 230 206 292 26
485 241 848 301 m.rae.ou1ur1umu1

165 399 263 476 gravia
280 413 333 476 pro
349 397 441 474 iera,
463 405 495 456 ut
509 393 675 474 Cetieque,
698 403 728 456 et
745 397 793 458 hic
813 398 904 476 prima
925 405 1025 474 acuta,
1047 414 1111 457 uam
1126 397 1173 458 sic

166 481 260 542 media
274 490 413 550 mutatur;
432 488 479 540 aut
495 479 571 540 flexa
586 495 641 557 pro
659 482 753 559 gravi,
768 488 800 540 ut
814 481 1008 542 circumducta
1023 482 1169 560 sequenti,

167 583 252 645 quarn
273 584 311 625 ex
333 564 443 626 duabus
465 562 587 639 syllabis
613 565 642 623 iu
665 581 749 624 uuam
774 572 916 642 cogente·
938 573 968 625 et
990 564 1095 626 deinde
1118 563 1169 625 ie

125 657 281 714 metentes
302 649 457 727 dupliciter
477 653 611 726 peccaut.
657 647 717 708 Sed
735 648 765 710 id
787 649 904 728 saepiae
926 649 956 708 iu
977 648 1095 709 Graecis
1117 665 1169 708 uo·

167 733 289 806 minibus
306 732 426 807 accidit,
444 739 476 790 ut
490 727 619 809 Atreus,
643 749 729 810 quem
743 731 828 792 nobie
844 731 996 792 iuvenibus
1011 731 1171 792 doctissimi

169 835 255 878 senes
267 823 351 876 acuta
365 816 455 894 prima
469 813 568 875 dicere
581 813 726 891 solebant,
739 824 769 876 ut
780 818 950 876 necessarie
966 815 1093 877 aeeuuia
1104 831 1170 894 gra-

167 902 212 961 vis
229 906 326 974 esset,
344 899 413 958 item
427 896 522 960 Nerei
539 897 696 978 Tereique.
723 898 804 961 Haec
819 898 855 959 de
872 899 1041 960 accentibus
1055 901 1169 961 tradite.

125 997 160 1050 oe
254 979 390 1042 Ceterum
412 983 476 1042 ecio
497 983 569 1059 ium,
592 983 732 1061 quosdam
752 983 881 1044 eruditos
903 981 1058 1046 nonnullos
1082 985 1170 1044 etiem

167 1067 370 1146 grammaticos
391 1067 434 1126 sic
453 1067 564 1127 docere
584 1084 620 1126 ac
641 1067 738 1146 loqui,
761 1075 793 1126 ut
815 1076 938 1146 propter
958 1084 1063 1128 uocum
1082 1083 1170 1146 quae·

167 1151 231 1212 darn
247 1150 410 1211 discrimina
428 1149 549 1211 verbum
567 1151 681 1211 iuterim
696 1159 783 1211 acuto
799 1166 872 1210 eono
889 1151 1001 1228 iniant,
1020 1160 1051 1211 ut
1066 1147 1170 1211 iu'iliie

124 1233 258 1310 uooucc
280 1237 398 1296 circum
421 1235 530 1310 ittera,
565 1235 684 1296 circum
707 1236 849 1312 piscosos
872 1236 1032 1314 acopoioe,
1065 1253 1118 1310 ne,
1146 1235 1171 1294 ei

166 1334 287 1398 grauem
306 1319 458 1397 posuerint
479 1317 651 1393 secundam,
673 1319 779 1380 circos
801 1318 858 1378 dici
877 1319 1009 1380 rideatur
1028 1335 1086 1379 uon
1105 1319 1172 1380 cir-

167 1404 278 1466 cuitus.
323 1401 454 1480 itemque
482 1417 546 1461 cum
569 1402 663 1479 quote
685 1402 901 1479 interrogantes
929 1404 1027 1481 graii,
1054 1418 1171 1480 compa·

166 1493 264 1546 rantes
287 1493 374 1545 acuto
397 1493 501 1544 tenore
529 1483 722 1555 ccuciuduut;
749 1485 827 1563 quod
851 1488 999 1546 tamenin
1024 1479 1170 1567 ιιιίιοιίιῐὲιΙ

167 1569 232 1630 iere
260 1568 332 1628 solie
358 1586 393 1629 ac
419 1567 635 1648 pronominibus
661 1569 823 1646 vindicant,
853 1572 882 1630 in
906 1572 1014 1630 ceteris
1039 1579 1181 1630 veterem·

124 1653 265 1732 atlegcm
290 1660 458 1732 sequuntur.
491 1651 560 1713 Mihi
582 1651 695 1713 uidetur
719 1653 919 1713 condicionem
937 1661 1064 1730 mutare,
1093 1653 1172 1730 quoti
1276 1647 1277 1654 '

167 1738 212 1798 hia
231 1738 305 1798 locis
322 1736 413 1796 uerba
432 1735 653 1814 coniungimur:
675 1734 829 1796 Nemeum
851 1737 917 1797 dico
937 1738 1054 1799 circum
1067 1737 1171 1812 litora,

167 1830 302 1900 tanquam
319 1837 405 1880 nuum
428 1821 546 1881 enuntio
568 1818 745 1880 dissimulata
766 1819 967 1897 distinctione,
990 1823 1088 1898 itaque
1108 1827 1170 1879 tan·

207 1923 252 1966 am
271 1906 300 1966 iu
318 1923 374 1966 uua
394 1921 472 1966 uoce
491 1922 548 1965 une
567 1912 612 1965 eet
632 1911 731 1979 acuta,
755 1904 833 1982 quod
854 1904 931 1965 idem
948 1904 1053 1966 accidit
1069 1904 1098 1963 in
1117 1903 1170 1963 iilo

124 2000 160 2055 28
194 1992 282 2052 roioc
299 1991 352 2069 qui
368 1992 488 2069 primus
503 1990 544 2052 ob
563 1991 635 2051 orie.
668 1987 789 2064 Evenit,
808 1997 840 2048 ut
858 1989 942 2049 metri
965 2004 1082 2067 quoque
1102 2003 1171 2048 cou-
1276 2019 1277 2026 ι

169 2073 245 2133 dicio
260 2081 351 2133 mutet
365 2081 531 2149 accentum,
551 2081 582 2132 ut
596 2069 736 2135 Peouden
747 2074 915 2150 pictaeque
928 2073 1089 2142 caluom,-
1107 2087 1171 2131 uam

167 2156 306 2216 volucres
325 2157 420 2218 media
436 2165 519 2218 acuta
538 2155 649 2232 legum,
669 2157 750 2234 quia,
771 2156 826 2214 etsi
844 2163 945 2215 natura
960 2155 1059 2217 brevia
1076 2164 1170 2215 tamen

168 2241 316 2320 positione
338 2240 427 2317 longa
453 2247 513 2315 eet,
539 2256 576 2298 ue
601 2237 690 2298 iaciat
712 2237 852 2314 iambum,
880 2256 965 2317 quem
987 2256 1045 2299 non
1066 2238 1172 2318 recipit

125 2333 272 2388 29versus
293 2323 411 2384 herous.
446 2321 588 2400 separata
608 2337 681 2382 vero
699 2321 774 2382 haec
793 2339 810 2382 a
830 2332 991 2402 praecepto
1010 2340 1068 2383 uon
1087 2339 1170 2383 rece-

168 2407 254 2483 dent,
278 2416 327 2467 aut
349 2408 374 2466 ei
394 2404 575 2469 cousuetudo
597 2406 715 2483 vicerit,
735 2414 819 2467 vetuo
837 2406 887 2468 lex
907 2409 1049 2467 sermonis
1071 2405 1170 2466 ahoie-

166 2489 258 2560 bitur;
287 2491 369 2551 cuius
393 2489 540 2551 difficilior
565 2491 641 2570 apud
660 2488 789 2552 Graecos
815 2489 983 2552 observatio
1014 2500 1074 2567 est,
1104 2489 1171 2568 quia

167 2575 253 2654 plura
269 2574 328 2635 illie
345 2574 483 2654 loquendi
498 2591 625 2652 genera,
642 2591 713 2653 quas
730 2572 899 2648 διαλέκτους
914 2583 1031 2652 vocant,
1048 2581 1078 2634 et
1093 2572 1172 2652 quoti

81 2717 91 2733 ,
169 2659 241 2719 aliae
257 2661 392 2720 vitiosum
411 2660 525 2719 interim
543 2658 615 2719 aliae
634 2667 745 2719 rectum
763 2667 821 2729 eet3
845 2659 921 2739 apud
935 2675 989 2720 nos
1010 2672 1083 2718 vero
1103 2656 1171 2717 bre·

125 2742 286 2810 30vieeima
306 2744 390 2802 ratio.
423 2741 555 2822 Namque
576 2744 605 2803 iu
627 2744 703 2803 omui
724 2759 800 2802 voce
822 2751 906 2804 acuta
928 2746 1002 2804 iutra
1023 2757 1172 2802 numerum

168 2826 252 2884 trium
275 2823 451 2898 syllabarum
473 2827 652 2902 continetur,
675 2827 738 2887 eive
760 2824 815 2885 hae
838 2834 904 2885 suut
925 2829 955 2886 in
972 2825 1064 2887 verbo
1088 2823 1171 2885 solae

168 2908 232 2967 eive
257 2906 391 2983 ultimae,
420 2916 450 2968 et
476 2910 504 2967 in
531 2908 575 2969 his
603 2918 653 2969 aut
678 2911 810 2986 proxima
834 2917 982 2970 extremae
1005 2919 1053 2971 aut
1075 2908 1112 2970 ab
1136 2925 1172 2968 ea
1276 2957 1277 2960 ,

167 2991 264 3051 tertia.
305 2989 402 3050 'l'rium
426 3006 532 3069 porro,
560 2991 597 3051 de
622 2990 725 3070 quibua
748 2991 870 3071 loquor,
893 2993 987 3055 media
1010 2994 1100 3072 ionga
1122 3000 1171 3052 aut
1276 2997 1277 3002 ’

168 3084 252 3135 acuta
268 3083 316 3135 aut
331 3073 414 3134 flexa
424 3076 493 3143 erit;
515 3073 618 3134 eodem
633 3075 701 3136 ioco
716 3073 815 3136 brevia
829 3078 929 3156 utique
946 3095 1067 3156 grauem
1081 3075 1170 3138 hube-
1276 3111 1277 3118 ι

168 3157 209 3218 bit
228 3175 344 3236 sonum,
373 3157 501 3237 ideoque
522 3159 646 3237 positam
668 3167 734 3220 aute
755 3177 789 3219 ee
814 3159 843 3220 id
865 3170 910 3220 est
933 3161 969 3222 ab
992 3161 1091 3222 ultima
1112 3168 1170 3220 ter·
1276 3199 1277 3232 ι

8 3269 9 3294 ι
124 3253 157 3307 31
167 3242 234 3302 tiam
250 3251 345 3303 acuet.
382 3241 436 3302 Eat
453 3249 548 3302 autem
563 3243 591 3300 iu
608 3243 683 3302 omui
706 3259 782 3304 voce
800 3245 900 3323 utique
920 3254 1004 3306 acuta
1026 3244 1080 3306 sed
1099 3252 1171 3304 nuu-

168 3343 253 3404 quam
268 3326 334 3405 pius
349 3343 404 3386 uua
418 3344 474 3388 neo
487 3343 611 3405 uuquam
624 3326 722 3387 ultima
735 3327 861 3407 ideoque
871 3331 900 3389 iu
911 3329 1062 3406 disyllabis
1077 3331 1168 3408 prior.

167 3408 324 3471 Praeterea
339 3428 483 3490 uunquam
497 3412 526 3471 in
542 3411 642 3472 eadem
657 3410 733 3472 flexa
750 3420 778 3472 et
797 3421 897 3490 acuta,
919 3415 1052 3493 quoniam
1068 3412 1171 3474 eadem

167 3492 243 3552 flexa
270 3502 299 3554 et
321 3503 419 3571 acuta,
444 3496 542 3575 itaque
563 3505 664 3557 neutra
685 3495 802 3558 claudet
822 3513 926 3557 vocem
949 3496 1085 3557 Latinum.
1125 3493 1171 3556 lia
