2570 3946
194 193 215 255 4
507 206 544 254 ra.
561 205 641 254 ran.
658 205 881 265 qumrmrsru

178 357 314 421 ¹fundare
329 357 461 437 legibus,
484 360 637 421 emendare
653 359 766 421 iudiciis
782 361 892 439 possit,
913 378 971 421 non
987 360 1061 422 alius
1078 361 1117 422 sit
1131 379 1196 441 pro·

150 455 183 509 11
193 443 274 504 lecto
294 460 378 522 quam
400 451 509 504 orator.
545 442 661 521 Quare,
681 445 796 505 tametsi
815 461 863 505 me
882 444 978 507 fateor
1000 463 1118 505 usurum
1137 447 1197 524 qui·

192 526 328 605 busdam,
355 544 429 606 quae
450 525 698 606 philosophorum
717 526 800 588 libris
821 531 1021 605 continentur,
1044 537 1139 590 tumen
1164 547 1198 590 ea

192 612 255 671 iure
272 628 402 688 vereque
424 611 622 672 contenderim
644 629 712 672 esse
733 613 838 690 operis·
854 615 948 674 nostri
963 613 1143 692 proprieque
1162 614 1197 673 ad

150 704 284 759 lhartem
298 694 455 755 oratoriam
469 696 628 774 pertinere.
658 695 715 772 hu,
734 697 759 756 si
776 695 1013 775 frequentissime
1027 696 1065 757 de
1079 697 1196 771 iustitia,

193 778 378 856 fortitudine,
408 781 599 859 temperantia
632 781 799 859 ceterisque
832 779 972 842 similibus
999 779 1198 840 disserendum

194 871 255 938 est,
278 862 352 923 adeo
366 872 398 922 nt
414 864 464 923 vix
478 863 538 924 ulla
553 865 649 942 possit
662 881 749 925 causa
766 865 906 942 reperiri,
928 866 958 924 in
977 880 1061 943 quam
1074 879 1132 923 non
1147 864 1197 924 ali·

193 963 250 1024 qua
271 963 310 1005 ex
327 945 373 1006 his
395 948 503 1008 insidat
524 949 675 1024 quaestio,
698 965 793 1026 eaque
810 949 904 1008 omnia
925 948 1092 1009 inventione
1112 955 1198 1026 atque

193 1029 362 1090 elocutione
388 1039 455 1090 sunt
477 1031 666 1110 explicanda:
690 1029 882 1109 dubitabitur,
905 1031 1070 1110 ubicunque
1090 1032 1135 1091 vis
1156 1032 1198 1090 in·

191 1114 271 1192 genii
293 1121 322 1173 et
342 1115 428 1192 copia
449 1113 565 1175 dicendi
585 1115 767 1193 postulatur,
792 1113 832 1174 ihi
854 1123 953 1193 partes
979 1115 1105 1176 oratoris
1131 1132 1198 1175 esse

149 1209 184 1265 13
192 1195 388 1278 praecipuas?
411 1196 598 1277 Fueruntque
612 1197 704 1275 haec,
727 1206 759 1258 ut
779 1195 886 1260 cicero
908 1199 1092 1279 apertissime
1115 1198 1197 1258 colli-

191 1283 244 1360 git,
262 1282 501 1360 quemadmodum
515 1284 611 1342 iuncta
625 1291 725 1342 natura
740 1283 785 1342 sic
799 1282 898 1343 cilicio
917 1299 1035 1361 quoque
1050 1281 1197 1362 copulata,

169 1391 172 1396 ·
191 1374 223 1426 ut
232 1365 319 1426 iidem
334 1367 482 1444 sapientes
494 1373 581 1444 atque
597 1366 771 1445 eloquentes
784 1364 969 1427 haberentur.
991 1365 1083 1427 Scidit
1094 1365 1198 1426 deinde
1265 1419 1266 1432 ,

192 1467 226 1508 se
249 1448 390 1527 studium,
412 1458 500 1528 atque
522 1450 626 1510 inertia
641 1448 748 1510 iactum
770 1457 832 1526 est,
855 1458 887 1510 ut
908 1459 986 1510 artes
1009 1467 1078 1509 esse
1097 1449 1198 1528 plnres
1265 1455 1266 1512 J

103 1605 107 1613 ⁸
191 1532 369 1594 riderentur.
394 1531 478 1614 ,Nam
501 1542 532 1593 ut
554 1535 674 1612 primum
696 1533 795 1611 lingua
816 1551 884 1594 esse
905 1533 1005 1612 coepit
1024 1534 1054 1592 in
1076 1541 1199 1611 quaestu
1265 1555 1266 1568 2

191 1617 409 1695 institutumque
425 1617 612 1696 eloquentiae
624 1617 709 1677 bonis
723 1616 799 1677 male
815 1618 871 1677 uti:
895 1634 993 1678 curam
1006 1634 1133 1692 morum,
1150 1617 1199 1694 qui
1265 1671 1266 1676 ,

153 1699 294 1762 ltdiserti
310 1699 506 1777 habebantur,
526 1702 717 1780 reliquerunt.
748 1697 792 1761 lla
811 1717 883 1760 vero
904 1700 1042 1761 destituta
1062 1700 1199 1760 inbrmio-
1265 1697 1266 1708 ¹

191 1783 272 1846 ribus
294 1787 418 1863 ingeniis
439 1785 521 1845 velut
541 1785 670 1864 praedae
687 1785 751 1844 fuit.
785 1783 855 1846 lude
878 1784 1008 1864 quidam,
1032 1791 1200 1862 contempto

191 1868 269 1930 hene
294 1869 409 1930 dicendi
434 1869 555 1945 labore,
582 1869 618 1930 ad
642 1869 809 1930 formandos
836 1870 946 1929 animos
972 1868 1200 1946 statuendasque

191 1955 270 2014 ritae
285 1953 371 2031 leges
386 1955 518 2031 regressi
540 1961 653 2032 partem
671 1953 787 2032 quidem
801 1955 961 2032 potiorem,
982 1953 1007 2013 si
1026 1951 1115 2013 dividi
1130 1967 1201 2030 pos·
1265 1967 1266 2022 3

193 2046 255 2114 set,
275 2039 469 2106 retinuerunt;
491 2053 596 2097 nomen
612 2046 708 2098 tamen
729 2035 785 2097 sibi
804 2037 1061 2097 insolentissimum
1080 2051 1201 2113 arroga-
1265 2075 1266 2088 ι

192 2129 311 2196 verunt,
334 2129 366 2180 ut
387 2121 443 2181 soli
465 2122 625 2200 sapientiae
645 2121 768 2182 studiosi
788 2129 983 2196 vocarentur,
1007 2119 1084 2198 quod
1103 2135 1203 2198 neque
1265 2123 1266 2136 ¹

194 2203 294 2265 summi
311 2205 503 2283 imperatores
529 2223 624 2283 neque
644 2205 673 2264 in
695 2204 825 2266 consiliis
845 2223 942 2266 rernm
960 2205 1146 2264 maximarum
1166 2221 1204 2264 ac

193 2289 282 2349 totins
298 2287 544 2370 administratione
564 2290 607 2350 rei
623 2287 760 2369 publicae
776 2289 938 2350 clarissime
952 2289 1062 2348 versati
1077 2287 1133 2348 sihi
1149 2305 1202 2347 un·

194 2388 279 2452 quam
299 2370 448 2433 vindicare
468 2383 534 2433 sunt
555 2374 627 2434 ausi.
668 2371 782 2434 Facere
803 2373 879 2433 enim
896 2372 1006 2450 optima
1027 2388 1112 2449 quam
1131 2387 1201 2449 pro·
1265 2421 1266 2430 ,

150 2470 185 2525 15
192 2457 309 2517 mittere
323 2455 495 2518 maluerunt.
521 2456 568 2517 Ac
587 2465 719 2518 veterum
739 2457 854 2535 quidem
870 2455 1031 2535 sapientiae
1047 2454 1202 2534 professo·
1265 2481 1266 2508 ι

192 2559 255 2601 rnnr
269 2540 376 2601 multos
392 2549 423 2601 et
436 2541 560 2602 honesta
574 2541 766 2621 praecepisse
781 2549 820 2618 et,
836 2549 867 2601 ut
880 2541 1099 2620 praeceperint,
1114 2541 1204 2599 etiam

192 2625 321 2700 vixisse,
347 2624 436 2686 iacile
462 2627 676 2694 concesserim
710 2625 818 2685 nostris
840 2641 914 2685 vero
940 2622 1120 2704 temporibus
1147 2622 1203 2682 sub
1265 2668 1266 2704 ,

192 2707 251 2768 hoe
271 2708 386 2768 nomine
402 2711 524 2770 maxima
544 2711 574 2770 in
593 2709 744 2788 plerisque
764 2710 834 2770 vitia
856 2709 1009 2770 latuerunt.
1042 2705 1108 2768 Non
1126 2707 1205 2766 enim
1265 2735 1266 2780 ι

192 2793 300 2852 uirtute
314 2809 350 2852 ac
365 2792 482 2870 studiis,
502 2802 533 2854 ut
547 2792 726 2854 haberentur
739 2791 925 2872 philosophi,
947 2789 1129 2866 laborabant,
1147 2789 1203 2849 sed
1265 2797 1266 2878 j

192 2874 304 2937 vultum
325 2882 355 2937 et
373 2876 518 2938 tristitiam
539 2885 569 2937 et
589 2871 808 2937 dissentientem
823 2893 840 2936 a
858 2877 966 2937 ceteris
988 2873 1116 2936 habitum
1132 2891 1203 2953 pes·

150 2972 186 3027 16
194 2960 274 3020 simis
295 2958 424 3021 moribus
443 2958 684 3040 praetendebant.
714 2958 796 3021 llaec
812 2969 923 3038 autem,
947 2975 1021 3039 qnae
1036 2958 1118 3020 velut
1132 2974 1204 3036 pro·
1265 2991 1266 3000 ι

193 3045 258 3124 pria
272 3043 476 3124 philosophiae
492 3052 677 3121 asseruntur,
692 3045 800 3124 passim
816 3053 970 3105 tractamus
987 3060 1097 3104 omnes.
1129 3040 1205 3116 Quis
1265 3069 1266 3124 3

194 3129 270 3189 euim
290 3145 350 3189 nou
371 3128 408 3190 de
428 3131 523 3207 iusto,
545 3145 640 3208 aequo
661 3147 696 3190 ac
714 3127 814 3204 hono,
833 3128 919 3189 modo
941 3144 1000 3187 non
1022 3135 1052 3187 et
1066 3129 1112 3187 vir
1132 3141 1205 3205 pes·
1265 3127 1266 3164 ³

194 3211 1207 3377 :ittatltidsltitdtiihnittiittilititttit:
1265 3251 1266 3296 ³

195 3379 344 3458 omnihus,
380 3381 428 3460 qui
453 3397 617 3442 sermonem
644 3399 731 3442 curae
757 3379 880 3459 hahent,
905 3379 1013 3442 debet·
1028 3397 1097 3440 esse
1123 3393 1206 3441 com·

154 3471 186 3529 17
194 3467 296 3526 munis.
330 3463 390 3525 Sed
411 3482 446 3526 ea
467 3473 497 3528 et
520 3467 594 3526 sciet
615 3467 724 3546 optime
742 3475 772 3526 et
792 3465 946 3546 eloquetur
968 3470 1082 3533 oraton
1106 3462 1156 3543 qui
1179 3463 1208 3522 si
