2592 3940
183 185 245 250 28⁰
493 200 529 248 u.
552 197 630 247 usn
653 195 872 258 ammonam

182 356 326 436 sapient.
364 351 447 428 Quae
467 353 562 413 omnia
585 359 651 412 eunt
674 349 894 429 optimatium
916 350 1043 412 sedeur
1065 354 1190 432 proprie

127 451 289 508 nonomen
307 437 475 509 urbanitatis
491 436 652 514 accipiant,
673 450 731 494 non
746 433 843 496 video.
878 433 963 509 Quod
1022 439 1082 496 non'
1095 445 1188 515 totus,

183 532 215 583 ut
232 521 300 582 mibi
316 521 449 596 videtur,
477 519 616 580 orationis
632 517 716 579 solor
730 526 873 594 meretur,
892 517 946 578 sati
961 520 1047 580 etiam
1062 521 1187 599 singulis

184 606 268 667 allatis
284 604 465 667 tribuendum
485 611 545 662 est:
567 601 618 663 illa
637 603 734 681 potius
745 599 856 663 urbana
871 601 1009 678 aliusmm,
1026 619 1103 683 quae
1119 614 1188 664 snut

182 690 301 768 generis
316 687 456 762 eiusdem„
475 702 533 765 quo
547 685 670 746 ridioula
686 684 818 746 dicontur
833 693 974 746 ettamen
989 685 1111 747 ridioula
1125 704 1187 747 non

184 782 265 850 sunt,
290 782 321 833 ut
344 773 381 834 de
406 769 538 832 Pollione
561 768 662 830 Asinio
684 770 769 830 seriis
789 769 923 848 iocisque
942 770 1052 848 pariter
1069 786 1175 832 annom

126 857 299 923 lllmodato
327 856 434 917 dietum
458 861 520 930 est,
552 849 630 914 Esse
650 871 719 914 eam
743 855 875 915 omeliam
896 853 1064 923 berorum
1094 862 1123 914 et
1147 853 1187 918 da

182 949 284 1001 autore
307 938 395 1014 ieoile
416 936 532 997 dioente
553 953 592 996 ex
611 943 754 1014 tempore,
770 935 930 1014 Iupeoe’om
951 938 1065 1000 eumin
1078 955 1187 1000 oense·

182 1031 252 1084 roto
266 1023 398 1091 laberer
421 1021 507 1080 etiam
522 1019 666 1097 Pompeii,
682 1019 761 1098 quod
775 1019 868 1080 refert
880 1017 1005 1097 limans,
1020 1022 1050 1080 in
1064 1017 1185 1082 cresto·

182 1124 249 1166 nem
263 1104 442 1166 diiiitlentens
455 1103 595 1182 partibus,
614 1101 727 1164 Transi
740 1103 785 1164 od
800 1101 979 1180 Caesarem,
994 1123 1042 1164 me
1057 1105 1187 1168 timebis.

183 1188 258 1251 Erat'
268 1190 359 1266 enirn,
380 1189 405 1248 si
421 1187 457 1248 ale
480 1205 513 1246 re
536 1188 647 1247 minora
671 1194 719 1247 sut
734 1186 792 1247 alio
808 1187 901 1247 animo
921 1195 970 1246 ant
987 1187 1113 1266 denique
1127 1203 1186 1248 non

183 1273 219 1334 ab
237 1275 304 1352 ipso
319 1272 426 1333 dietum
441 1271 561 1346 inisset,
583 1268 660 1347 quod
679 1278 783 1348 posset
803 1272 878 1331 inter
892 1270 1014 1331 ridioula
1030 1273 1185 1331 numerari.

124 1355 276 1422 llilltiam
294 1355 376 1432 illud,
394 1351 471 1434 quob
483 1351 588 1415 Gieero
601 1349 748 1414 Corelliae
763 1354 881 1432 seripsit
895 1351 1021 1414 reddens
1031 1356 1186 1431 rationem,

185 1457 236 1502 eur
253 1439 304 1501 illa
321 1437 354 1500 G.
372 1436 508 1498 (laeseris
535 1445 670 1514 tempora
687 1445 744 1498 tam
760 1437 904 1516 patienter
918 1436 1076 1514 toleraret,
1097 1435 1187 1502 Haeo

184 1531 238 1586 out
252 1524 354 1585 amiato
374 1518 500 1583 Colosso
515 1521 650 1600 ferendo
667 1527 739 1582 auat
760 1529 815 1582 ost
831 1518 990 1584 Cicerorss'e
1010 1521 1188 1594 stomacho,-

184 1606 351 1667 stomaehns
367 1605 442 1665 enim
457 1604 508 1665 ille
531 1603 619 1664 babet
635 1602 745 1682 aliquid
762 1604 829 1665 iooo
845 1604 949 1664 simila.
988 1603 1087 1682 Haeo,
1109 1622 1187 1684 quae

184 1690 350 1765 movebant,
366 1688 569 1750 dissimulanda
582 1685 650 1748 mibi
667 1703 724 1746 non
739 1687 871 1757 fuerunt;
898 1689 926 1748 in
941 1687 1047 1766 qulbus
1060 1695 1092 1748 ut
1106 1705 1187 1750 erra·

183 1775 291 1851 nstin,
316 1772 450 1851 legentes
468 1779 564 1832 tamen
587 1787 646 1830 nou
660 1770 780 1849 aesopi,
803 1772 927 1836 inditate
947 1779 977 1832 et
991 1771 1107 1832 diversa
1121 1773 1181 1852 opi·

184 1858 280 1933 mione,
298 1873 383 1936 quam
397 1857 481 1935 sequi
497 1855 589 1932 magis
604 1853 792 1934 probantibus
807 1853 929 1917 liberum
945 1864 1000 1916 est.

517 2007 561 2058 DE
584 2005 844 2060 ALTERGATIONE.

267 2102 318 2162 lv.
353 2102 631 2166 Alteroatiouis
660 2113 819 2184 praecepta
839 2110 974 2182 poterant
998 2101 1091 2164 videri
1117 2110 1187 2164 tune

183 2185 359 2261 inoboanda,
385 2203 449 2246 oum
464 2188 572 2262 omnia,
592 2204 668 2265 quaa
686 2186 722 2247 ad
737 2188 900 2248 continuam
918 2187 1079 2246 orationem
1096 2187 1186 2264 perti·

184 2277 269 2345 naut,
291 2268 489 2347 peregissem,
511 2286 576 2329 nam
599 2278 645 2330 est
669 2288 738 2330 usus
762 2271 824 2330 eius
844 2270 945 2333 ordine
965 2269 1096 2338 ultimus;
1120 2268 1185 2345 sed,

185 2371 250 2415 eom
265 2352 302 2412 sit
318 2353 414 2432 posita
435 2353 465 2412 iu
484 2353 549 2414 sola
568 2353 750 2430 inventione,
775 2370 871 2432 neque
893 2351 1004 2414 habere
1018 2352 1186 2431 dispositio·
1268 2409 1271 2416 ⁴

185 2453 251 2496 nem
267 2437 361 2514 possit
378 2453 434 2496 neo
449 2436 623 2498 eloontionia
642 2446 811 2502 ornamenta
832 2452 1011 2515 magnopere
1036 2435 1186 2497 desideret

184 2528 234 2581 aut
249 2521 327 2582 eirea
346 2522 511 2581 memorien
527 2527 556 2580 et
574 2521 835 2599 pronuntiationem
851 2520 982 2582 laboret:
1003 2521 1085 2598 prins
1099 2535 1185 2598 quam

185 2603 341 2665 seeundum
360 2605 487 2683 quinque
502 2606 643 2681 partium,
667 2604 757 2681 bano,
780 2622 855 2683 quse
876 2613 937 2664 tota
953 2621 991 2664 ex
1007 2603 1098 2681 prime
1113 2619 1185 2681 peu·

186 2688 248 2762 det,
264 2695 438 2748 tractaturus
453 2703 511 2746 non
526 2686 622 2748 alieno
640 2685 709 2748 loeo
725 2688 843 2756 videon
862 2703 946 2766 quam
958 2687 1119 2764 scriptores
1136 2685 1185 2748 alii

183 2770 311 2830 iortasse
336 2770 403 2832 itleo
426 2770 622 2849 reliquerunt,
653 2771 720 2850 quia
744 2773 813 2832 satis
839 2771 947 2832 ueteris
968 2769 1136 2848 praeseptis
1156 2769 1185 2828 in

154 2851 261 2916 aiano
282 2867 399 2930 quoque
421 2854 573 2915 videbatur
597 2873 665 2916 esse
684 2864 882 2934 prospeotum.
918 2851 1039 2915 Gonstat
1054 2852 1128 2914 enim
1146 2867 1186 2912 ex

183 2936 341 2996 intentione
359 2951 394 2996 ao
410 2936 601 3015 depulsione,
616 2938 654 3000 de
671 2937 774 3017 quibus
789 2940 860 3000 satis
877 2937 1011 3000 tradituro
1028 2944 1087 3006 est;
1106 2936 1184 3015 quis,

185 3018 322 3099 quidquid
335 3019 490 3081 iunctione
506 3029 648 3099 perpetus
660 3023 738 3083 oiroa
750 3020 939 3101 probationes
951 3021 1023 3082 utile
1036 3027 1092 3095 eet,
1110 3018 1185 3082 idem

184 3106 213 3164 in
234 3101 392 3164 haebraei
413 3111 500 3182 atque
521 3106 638 3167 oouoisa
659 3106 753 3184 prosit
774 3119 900 3168 neeesse
916 3112 971 3171 est.
1008 3103 1114 3182 Neque
1128 3101 1185 3164 alia

183 3185 316 3246 dieantur
330 3188 360 3247 in
381 3186 570 3249 altereatione
593 3189 646 3250 sed
660 3188 760 3266 aliter,
784 3198 832 3250 aut
847 3188 1054 3266 interrogando
1073 3194 1121 3248 aut
1138 3201 1184 3246 re·

183 3268 366 3347 spondendo.
398 3265 485 3334 cuias
506 3273 550 3333 rei
572 3271 636 3330 iere
655 3275 746 3333 omnis
766 3272 934 3336 observatio
954 3273 984 3333 in
1001 3271 1053 3332 illo
1068 3269 1184 3331 testium

155 3349 254 3414 bloso
271 3369 397 3415 exoussa
411 3354 496 3415 nobis
515 3363 568 3416 est.
594 3353 701 3416 Tamen
713 3355 780 3434 quia
795 3357 881 3419 latius
893 3355 952 3418 boo
962 3372 1036 3435 opus
1049 3353 1184 3432 aggressi

184 3451 299 3514 sumus,
319 3452 415 3518 nsque
437 3437 587 3517 periectos
603 3446 703 3500 orator
717 3442 780 3502 sins
800 3441 856 3504 baa
873 3441 980 3502 virtute
1000 3438 1058 3502 diei
1073 3443 1183 3517 potest,
