2570 3946
215 257 257 325 68
534 269 900 330 ιιιιιιριιιιιτιιιιιι

172 439 207 496 ut
300 425 373 489 Nam
390 425 475 487 locos
491 425 623 504 quidem,
642 425 745 504 quales
763 433 830 485 sunt
848 422 885 484 de
900 423 1042 503 testibus,
1060 445 1230 506 campense

214 514 264 577 tte
279 513 485 588 credendum,
504 519 534 570 et
551 509 588 570 de
606 510 798 587 argumentis,
820 525 862 571 aa
876 509 1022 573 babendo
1037 512 1129 572 etium
1141 529 1228 590 pur-

214 599 263 661 oia
283 597 380 676 fides,
410 595 486 657 aoleo
508 592 691 655 manifestum
713 603 759 654 est
780 594 817 655 aul
843 593 979 654 forenses
1000 593 1131 656 actiones
1155 613 1227 675 per-

215 684 326 757 tinere,
350 689 381 740 ut
403 679 518 758 quidam
539 695 634 758 neque
653 677 799 756 ignobiles
822 678 851 738 in
869 677 974 738 officiis
997 678 1135 740 civilibus·
1149 682 1227 740 scri-

215 774 284 847 ptos
307 782 360 825 eos
382 764 600 842 memoriaeque
621 762 841 842 diligentissime
864 762 1013 824 mandatos
1033 763 1062 823 in
1084 773 1226 844 promptu

215 849 385 924 habuerint,
408 857 439 908 ut
461 850 595 927 quotiens
618 856 698 908 esset
717 847 855 923 occasio,
880 848 1098 927 extemporales
1121 864 1226 908 eorum

172 933 360 996 abdictiones
381 932 426 991 bis
448 932 531 994 velut
553 931 734 995 emblematis
758 939 978 992 exornarentur.
1019 930 1084 1006 Quo
1106 933 1224 1011 quidem

217 1019 329 1098 (neque
353 1017 427 1078 euim
450 1018 512 1077 eius
540 1019 584 1079 rei
611 1018 747 1078 iudicium
768 1015 887 1077 differre
910 1015 1056 1096 sustineo)
1083 1033 1244 1093 summam,

215 1102 389 1164 videbantur
410 1100 478 1161 mibi
501 1102 692 1162 infirmitatem
715 1101 751 1162 de
775 1118 808 1160 ss
830 1098 974 1161 confiteri.
1008 1097 1081 1162 llam
1104 1099 1173 1179 quid
1195 1100 1226 1159 hi

215 1188 330 1266 possint
354 1187 382 1245 iu
406 1187 518 1262 causis,
541 1204 661 1266 quarum
678 1185 759 1246 varia
776 1191 806 1244 et
823 1201 899 1245 nova
917 1201 1035 1264 semper
1053 1193 1099 1244 est
1117 1183 1224 1260 iacies,

215 1271 365 1351 proprium
394 1270 539 1338 invenire;
568 1267 714 1347 quomodo
740 1269 899 1347 propositis
929 1285 966 1328 ex
992 1277 1075 1347 parte
1098 1267 1224 1330 adversa

215 1354 415 1436 respondere,
437 1352 674 1414 altercationibus
692 1352 838 1413 velociter
854 1369 1029 1429 occurrere,
1048 1361 1154 1415 testem
1174 1369 1218 1413 ro·

217 1457 305 1516 gare:
328 1439 377 1516 qai
400 1437 485 1497 etiam
505 1438 532 1495 in
550 1437 610 1512 bis,
633 1453 710 1516 quae
729 1445 794 1498 sunt
813 1438 973 1499 communia
995 1446 1025 1498 et
1045 1438 1074 1497 in
1091 1437 1224 1517 plurimis

219 1521 316 1583 causis
345 1528 520 1599 tractantur,
548 1521 765 1599 vulgatissimos
794 1538 899 1582 sensus
927 1522 1025 1582 verbis
1056 1523 1111 1582 nisi
1141 1529 1223 1583 tanto

175 1611 285 1668 utente
308 1605 489 1684 praeparatis
515 1606 654 1685 prosequi
678 1602 847 1684 nequeant?
883 1604 948 1667 Nec
970 1623 1043 1666 vero
1069 1606 1130 1681 bis,
1158 1624 1224 1665 curn

218 1689 320 1750 eadem
341 1688 453 1749 iudiciis
472 1688 603 1768 pluribus
624 1689 738 1766 dieunt,
762 1699 810 1750 aut
827 1690 973 1751 fastidium
989 1697 1125 1751 moveant
1141 1688 1222 1750 velut

217 1773 315 1851 frigidi
344 1781 374 1833 et
399 1775 522 1853 repositi
550 1773 624 1849 cibi,
656 1783 705 1834 aut
732 1773 874 1851 pudorem
901 1774 1086 1854 deprehensa
1113 1775 1221 1834 totiens

218 1854 392 1920 audientium
409 1858 548 1920 memoria
568 1857 669 1918 infelix
689 1856 842 1937 supellex,
867 1877 942 1937 quae
965 1860 1041 1920 sicut
1057 1858 1133 1939 apud
1151 1876 1221 1938 pau·

217 1958 306 2023 peres
334 1941 503 2003 ambitiosos
531 1941 662 2021 pluribus
694 1950 724 2004 et
751 1941 875 2003 diversis
898 1943 1003 2004 olilciis
1032 1939 1221 2003 conteratur?

175 2024 290 2090 bocum
317 2042 354 2086 eo
378 2027 493 2105 quidem
517 2027 594 2105 quod
617 2027 667 2086 vix
692 2026 769 2087 ullus
792 2036 838 2086 est
858 2035 916 2088 tarn
945 2028 1103 2087 communis
1126 2027 1221 2102 locus,

219 2110 268 2187 qui
290 2110 385 2187 possit
407 2109 568 2170 cohaerere
587 2127 651 2170 oum
674 2127 761 2170 causa
778 2112 832 2170 nisi
853 2110 952 2190 aliquo
973 2112 1110 2190 propriae
1133 2127 1221 2190 quae·

218 2192 322 2252 ationis
350 2192 467 2253 vinculo
493 2192 664 2272 copulatus,
693 2203 893 2273 appareatque
922 2214 987 2256 eum
1011 2211 1069 2254 non
1098 2203 1156 2256 tam
1181 2196 1220 2252 in·

177 2285 210 2340 31
218 2283 327 2336 sertum
347 2293 431 2356 quam
450 2277 633 2356 applicitum
657 2276 707 2338 vel
725 2279 802 2357 quod
820 2277 966 2341 dissimilis
985 2289 1031 2340 cst
1049 2280 1156 2339 ceteris
1174 2277 1222 2338 vel

219 2356 297 2440 qaod
319 2359 492 2440 plerumque
513 2363 620 2422 assumi
643 2362 728 2423 etiam
750 2380 850 2441 pamm
869 2373 937 2444 apte
958 2363 1050 2439 solet,
1075 2379 1133 2422 nou
1156 2363 1223 2441 quia

219 2443 401 2506 desideratur
425 2445 477 2506 sed
501 2446 567 2524 quia
588 2454 706 2525 paratus
730 2455 784 2506 est.
819 2446 858 2507 Ut
880 2448 994 2527 quidam
1016 2447 1223 2507 sententiarum

219 2529 313 2607 gratia
334 2529 560 2590 verbosissimos
583 2529 668 2590 locos
692 2539 860 2606 arcessunt,
884 2550 948 2592 cum
965 2550 1003 2593 ex
1021 2531 1097 2591 locis
1115 2529 1224 2594 debeat

176 2615 301 2677 btuasui
323 2615 476 2676 sententia.
509 2613 552 2674 lta
574 2623 640 2675 sunt
657 2623 753 2675 autem
774 2616 911 2694 spaciosa
929 2614 1004 2676 baec
1025 2623 1054 2674 et
1076 2614 1176 2691 utilia,
1198 2614 1223 2674 si

220 2698 350 2759 oriuntur
367 2717 405 2758 ex
421 2716 524 2766 causa;
545 2706 674 2759 ceterum
692 2698 851 2779 quamlibet
866 2699 988 2781 pulchra
1004 2699 1151 2775 elocutio,
1168 2699 1224 2758 nisi

220 2778 256 2840 ad
279 2783 432 2842 victoriam
453 2781 560 2858 tendit,
587 2785 687 2863 utique
715 2801 897 2862 supervacua
925 2785 978 2847 scd
1001 2784 1114 2844 interim
1137 2784 1223 2843 etiam

221 2866 366 2926 contraria
390 2874 444 2926 est.
478 2866 586 2926 Verum
606 2867 747 2928 hactenus
767 2869 885 2946 evagari
906 2869 976 2929 attis
996 2867 1093 2928 luerit.
1205 2905 1209 2911 -

177 2958 212 3012 33
302 2947 837 3032 legumlausacvituperatio
864 2953 919 3012 iam
934 2954 1062 3024 maiores
1076 2968 1112 3012 ac
1127 2969 1223 3031 prope

218 3031 336 3093 summis
354 3032 492 3112 operibus
512 3033 686 3097 suffecturas
702 3038 781 3095 vires
803 3034 983 3106 desideratum
1008 3053 1084 3116 quae
1105 3036 1222 3114 quidem

219 3117 359 3178 suasoriis
371 3135 407 3177 an
423 3120 631 3180 controversiis
646 3119 738 3197 magis
752 3119 968 3183 accommodata
984 3122 1021 3181 sit
1037 3120 1222 3195 exercitatio,

220 3201 429 3263 consuetudine
454 3212 484 3264 st
503 3205 567 3264 iure
583 3205 729 3265 civitatum
751 3201 856 3265 differt.
895 3202 981 3284 Apud
1000 3204 1131 3267 Graecos
1147 3205 1224 3266 enim

219 3285 296 3346 lator
322 3301 419 3354 earum
440 3287 476 3349 ad
496 3288 620 3349 iudicem
641 3286 819 3363 vocabatur,
846 3287 984 3350 Romanis
1007 3306 1061 3369 pro
1085 3289 1224 3351 contione

219 3367 343 3430 suadere
355 3388 390 3431 ac
401 3370 570 3432 dissuadere
587 3371 675 3431 moris
690 3371 752 3431 fuit.
775 3370 906 3450 Utroque
918 3381 1013 3435 autem
1027 3373 1115 3435 morlo
1127 3391 1223 3453 pauca

220 3450 256 3512 de
271 3451 358 3513 biset
372 3455 436 3516 fere
450 3463 530 3516 certa
547 3453 688 3514 dicuntur.
712 3453 785 3516 Nam
797 3464 826 3516 et
836 3474 946 3534 genera
962 3466 1028 3518 sunt
1042 3457 1114 3534 tria,
1131 3461 1222 3535 sacri,

177 3540 212 3596 34
219 3535 338 3616 publici,
356 3539 460 3617 privati
475 3538 554 3597 iuris.
585 3536 668 3612 Quae
683 3538 786 3599 divisio
803 3539 838 3601 ad
856 3539 970 3602 laudem
986 3541 1077 3618 magis
1094 3551 1223 3621 spectat,
