2570 3946
178 193 221 254 44
499 203 862 274 ιιιιιιιριιιιιτιιιιιιι

180 359 359 436 siderentur,
379 359 652 440 deprehendatque,
670 375 745 437 quae
763 357 901 434 barbara,
919 375 994 439 quae
1012 359 1190 441 impropria,

138 453 257 524 loquae
280 453 380 504 contra
392 445 481 522 leges
502 441 640 523 loquendi
661 445 717 504 sint
738 444 849 521 posita;
873 461 932 504 non
953 453 983 504 ut
1005 461 1042 504 ex
1062 444 1106 506 his
1129 448 1189 506 uli·

182 545 239 608 que
261 528 459 606 improbentur
484 535 607 606 poetae,
636 527 755 605 quihus,
786 527 853 605 quia
875 527 1047 607 plerumque
1070 531 1190 590 servire

177 621 273 672 rnetro
291 622 449 690 coguntur,
472 611 546 672 adeo
565 613 740 689 ignoscitur,
762 619 793 670 ut
812 611 880 672 vitia
900 612 964 691 ipsa
983 613 1048 674 aliis
1069 613 1097 674 ln
1120 631 1187 674 oar·

179 698 255 756 rnine
267 693 513 776 appellationibus
524 696 715 756 nominentur.
737 692 956 772 Metapiosmoa
966 698 1042 758 enirn
1058 705 1088 758 et
1097 697 1188 759 aede·

179 783 337 842 molmmor
353 789 384 840 et
399 780 574 856 remmota,
594 788 625 840 ut
642 779 716 855 dixi,
738 794 895 855 vocamus,
919 789 949 841 et
964 779 1080 842 laudem
1094 781 1188 841 virtu·

180 865 218 924 tis
246 865 416 924 necessitati
439 863 554 932 damus;
584 862 638 923 sed
665 871 696 922 nt
722 871 905 924 commoneat
933 861 1125 926 artideialium
1154 874 1189 924 et

138 949 346 1008 lomemoriarn
363 950 463 1025 agitet.
495 946 528 1008 ld
545 964 663 1026 quoqne
683 949 759 1007 inter
775 949 867 1026 prima
883 947 1044 1010 rudimenta
1062 964 1121 1008 non
1142 950 1186 1008 in·

179 1032 251 1094 utile
273 1030 491 1107 demonstrare,
519 1040 589 1110 quot
610 1049 745 1110 quaeque
764 1031 856 1092 verba
878 1031 970 1092 rnodis
993 1032 1188 1110 intelligenda

180 1117 246 1179 sint.
283 1113 368 1178 Girc'a
389 1116 568 1194 glossemata
587 1117 688 1192 etiam,
712 1115 741 1176 id
757 1124 803 1175 est
824 1133 915 1176 voces
937 1117 1029 1176 minus
1050 1118 1185 1192 usitatas,

138 1205 237 1270 lonon
259 1200 358 1262 ultima
381 1201 443 1262 eius
467 1200 667 1280 professionis.
684 1200 833 1278 diligentia
855 1209 910 1260 est.
944 1199 1101 1262 Enimvero
1126 1202 1187 1262 iam

178 1286 288 1346 maiore
311 1303 381 1349 cura
404 1285 510 1346 doceat
535 1293 639 1362 tropos
662 1301 780 1360 ornnes,
808 1283 912 1361 quibus
936 1285 1096 1364 praecipue
1124 1300 1186 1344 non

178 1386 285 1448 poerna
307 1369 393 1430 modo
415 1369 468 1429 sed
490 1370 577 1428 etiarn
599 1369 692 1429 oratio
717 1376 848 1435 ornatum
877 1367 1026 1430 schemata
1047 1378 1182 1446 utraque.

178 1453 208 1514 id
231 1462 276 1517 est
297 1454 422 1532 figuras,
446 1469 580 1531 quaeque
601 1451 702 1526 λέξεως
723 1469 857 1532 quaeque
876 1453 1008 1525 διανοίας
1028 1459 1185 1528 vocantur,
1269 1467 1270 1470 ’

180 1554 303 1616 quorum
323 1553 380 1614 ego
396 1537 472 1597 sicut
489 1544 639 1615 troporum
657 1545 811 1597 tractatum
821 1539 850 1596 in
866 1555 931 1598 eum
949 1537 1046 1598 locum
1068 1536 1184 1611 differo,

137 1629 170 1686 li
180 1637 239 1700 quo
256 1621 325 1682 mihi
341 1623 378 1682 de
396 1629 498 1684 ornatu
515 1622 655 1681 orationis
671 1619 823 1682 dicendum
839 1623 903 1682 erit.
932 1620 1094 1700 Praecipue
1110 1637 1187 1680 vero

180 1706 231 1771 illa
253 1704 354 1782 inligat
369 1707 488 1781 animis,
511 1707 636 1784 quaein
658 1706 831 1766 oeconornia
852 1707 960 1781 virtus,
984 1723 1059 1783 qnae
1082 1707 1111 1764 in
1132 1705 1185 1764 de·

181 1807 252 1851 core
270 1807 383 1866 rerum,
407 1789 475 1868 quid
490 1805 637 1868 personae
653 1791 758 1869 cuique
777 1790 962 1864 convenerit,
986 1789 1055 1868 qnid
1072 1791 1101 1848 in
1116 1806 1183 1848 sen·

180 1873 260 1936 sibus
279 1873 467 1950 laudandum,
493 1873 606 1953 quid-iu
622 1873 738 1949 verbis,
760 1871 808 1932 uhi
829 1875 914 1952 copia
932 1871 1111 1952 probabdis,
1134 1872 1187 1932 ubi

181 1959 294 2022 modus.

140 2045 176 2100 18
267 2043 318 2104 llis
335 2043 449 2104 aceedit
464 2043 609 2102 enarratio
631 2040 830 2116 historiarum,
854 2040 977 2119 diligens
997 2041 1112 2119 quidem
1132 2040 1183 2102 illa

143 2153 166 2198 „·:
181 2143 240 2188 non
260 2135 356 2187 tamen
374 2143 468 2203 usque
486 2125 522 2186 ad
540 2141 753 2203 supervacuum
774 2124 906 2186 laborem
926 2133 1080 2203 occupata.
1109 2124 1183 2187 Nam

181 2218 319 2289 receptas
340 2219 390 2270 aut
410 2217 492 2269 certe
515 2208 603 2270 claris
624 2208 791 2268 auctoribus
814 2219 988 2270 memoratas
1007 2211 1185 2288 exposuisse

146 2355 149 2360 .
182 2296 254 2356 satis
277 2301 332 2354 est.
366 2291 507 2373 Persequi
527 2291 653 2371 quidem,
676 2293 744 2370 quid
763 2294 886 2373 quisque
904 2311 1029 2372 unquam
1046 2293 1095 2354 rel
1113 2310 1181 2354 con·

181 2378 438 2458 temptissimorum
462 2376 606 2438 hominurn
627 2375 748 2453 dixerit,
778 2385 826 2438 ant
848 2379 953 2439 nimiae
975 2379 1112 2438 miseriae
1134 2386 1182 2437 aut

181 2463 273 2524 inanis
303 2462 458 2522 iactantiae
484 2468 529 2520 est
559 2468 588 2521 et
614 2459 724 2521 detinet
746 2471 834 2540 atque
863 2462 959 2522 obruit
985 2463 1101 2539 ingenia
1122 2479 1180 2521 rne·

140 2545 174 2601 1⁹
182 2548 237 2610 lius
259 2545 323 2609 aliis
341 2554 490 2606 vacatura.
523 2543 596 2604 Nam
615 2545 663 2622 qui
680 2561 780 2606 omnes
800 2547 886 2606 etiam
904 2547 1035 2624 indignas
1053 2546 1183 2606 lectione

180 2632 278 2694 scidas
301 2631 427 2704 excutit,
451 2627 574 2689 anilibus
600 2645 716 2706 quoqne
737 2629 844 2691 fabulis
866 2631 1088 2692 accommodare
1110 2646 1180 2708 ope·

180 2734 241 2776 raro
263 2721 371 2793 potest.
400 2712 489 2790 Atqui
511 2712 589 2790 pleni
610 2723 676 2773 sunt
696 2714 837 2775 eiusmodi
855 2714 1066 2793 impedimentis
1087 2732 1182 2792 grane

180 2799 350 2858 maticorum
380 2797 593 2872 commentarii,
620 2800 670 2858 vix
693 2801 764 2878 ipsis
787 2800 835 2877 qui
862 2807 1089 2876 composuerunt
1111 2799 1182 2858 satis

137 2882 250 2942 sonori.
293 2879 365 2940 Nam
390 2878 534 2958 Didymo,
563 2897 620 2960 quo
648 2899 733 2943 nemo
761 2882 845 2962 plura
874 2883 1007 2961 scripsit,
1037 2882 1183 2943 accidisse

180 2970 361 3043 compertum
384 2972 445 3040 est,
474 2973 518 3042 ut,
541 2983 605 3026 curn
627 2966 766 3028 historiae
795 2967 908 3026 cuidam
932 2976 1067 3045 tanquam
1088 2983 1184 3026 vanae

179 3057 372 3128 repugnaret,
404 3049 494 3128 ipsius
517 3050 699 3128 proferretur
721 3050 812 3127 liber,
841 3053 889 3129 qui
913 3068 977 3111 earn
1003 3049 1180 3111 continebat.

134 3137 170 3190 21
179 3132 265 3207 Quod
278 3134 374 3193 evenit
385 3134 544 3213 praecipue
559 3137 587 3195 in
599 3135 740 3196 sabulosis
754 3152 848 3213 usque
859 3136 896 3196 ad
907 3133 1079 3207 deridicula,
1092 3151 1181 3213 quae·

182 3217 247 3278 dam
270 3218 355 3278 etiarn
382 3217 530 3296 pudenda:
560 3220 636 3281 unde
662 3218 876 3298 improbissimo
906 3221 1010 3299 eoique
1038 3219 1181 3298 pleraque

179 3300 306 3378 lingendi
327 3301 444 3386 licentia
468 3312 529 3378 est,
553 3305 628 3365 adeo
653 3313 684 3363 ut
705 3304 743 3364 de
765 3303 845 3364 libris
863 3306 932 3364 totis
953 3312 983 3364 et
1000 3302 1181 3379 auctoribus,

178 3394 210 3445 nt
238 3388 397 3464 succurrit,
427 3388 599 3448 mentiantur
623 3396 701 3461 tuto,
729 3388 795 3466 quia
817 3388 939 3449 inveniri
966 3390 1014 3466 qni
1037 3403 1182 3464 nunquarn

177 3469 262 3531 luere
284 3487 341 3531 non
368 3479 501 3551 possunt.
542 3468 614 3532 Nanr
637 3471 667 3531 in
688 3471 850 3533 notioribus
873 3472 1109 3550 frequentissime
1129 3469 1181 3531 de-
