2592 3940
395 201 830 278 snsr.onrroa.n1n.v1‚4.
1053 189 1114 255 283

115 360 200 424 ellior
215 361 270 422 erit
283 361 312 421 in
327 327 435 422 ceteris
452 357 543 435 fides,
567 359 630 419 sive
647 377 748 435 unum,
764 361 859 421 mitior
874 359 951 422 solet
966 377 1062 440 poena
1077 361 1115 422 lr-

113 446 212 522 rogari
233 443 438 505 vereoundiae.
474 442 546 504 llam
577 443 690 522 eulpam
712 444 884 522 praesertim
904 426 1116 524 deprehensam

113 529 301 608 pertinaeiter
312 528 403 602 tueri,
426 525 512 606 eulpa
527 526 619 587 altera
640 535 696 587 est.
870 529 873 538 '

197 651 271 712 Dum
295 660 352 712 stat
376 653 470 713 acies:
492 652 572 713 multi
593 671 641 712 res
663 652 778 714 eonsilii
798 661 885 734 atque
907 656 976 714 artis
1000 663 1062 732 est,
1083 665 1114 716 ut
1122 664 1155 726 17

113 743 257 798 errantem
279 735 474 798 adversarium
498 735 594 797 trabas
618 745 647 796 et
665 737 709 797 ire
725 755 808 815 quam
825 735 994 816 longissime
1012 755 1115 820 cogas,

112 827 143 880 ut
157 837 231 879 uana
246 820 359 880 interim
376 838 429 899 spe
445 820 566 880 exultet.
601 819 672 900 ldeo
690 820 830 899 quaedam
845 820 921 881 bene
937 821 1115 884 dissimulan-

5 927 7 968 ι
112 913 159 962 tur
173 904 370 964 instrumenta.
400 902 510 964 Instant
525 906 599 964 enim
614 913 644 965 et
658 922 749 984 saepe
765 904 920 966 discrimen
935 922 1019 966 omne
1037 923 1115 966 eom·

5 981 7 1024 ³
111 987 242 1063 mittunt,
266 987 343 1067 quod
367 987 473 1048 deesse
488 988 571 1048 uobis
587 997 701 1067 putant,
727 997 756 1048 et
772 987 881 1049 faeinut
896 989 1115 1068 probationibus

112 1071 219 1131 nostris
236 1072 437 1132 auctoritatem
451 1071 636 1151 postulando.
673 1070 802 1150 Expedit
823 1073 909 1132 etiam
923 1073 993 1134 dare
1009 1074 1117 1153 aliquid
1124 1085 1157 1141 18

9 1190 13 1199 ·
110 1154 296 1231 adversario,
325 1156 402 1233 quod
425 1173 478 1233 pro
500 1173 533 1214 se
556 1161 652 1233 putet,
682 1154 758 1232 quod
779 1153 1001 1234 apprehendens
1025 1161 1116 1220 maius

112 1237 359 1318 aliquid-cogatur
375 1239 535 1308 dimittere;
561 1237 631 1299 duas
652 1239 766 1298 interim
781 1255 830 1298 res
845 1255 1028 1318 proponere,
1046 1259 1115 1319 qua·

111 1339 174 1380 rum
187 1320 361 1381 utramlibet
380 1320 455 1381 m'ale
477 1323 514 1381 sit
538 1321 699 1390 electurum
723 1322 801 1400 quod
823 1323 850 1382 in
872 1321 1061 1384 altereatione
1085 1327 1117 1387 tlt

110 1405 276 1482 potentius,
294 1422 379 1482 quam
394 1406 423 1464 in
438 1407 568 1481 actione,
591 1408 657 1486 quia
674 1405 703 1464 in
719 1405 769 1466 illa
785 1405 869 1466 nobis
885 1407 940 1483 ipsi
954 1410 1114 1486 responde·

109 1505 191 1563 mus,
209 1489 237 1548 in
252 1487 308 1550 baa
323 1488 520 1550 adversarium
538 1491 621 1567 quasi
637 1481 804 1550 confessum
819 1499 960 1551 tenemus.
1006 1489 1060 1552 Est
1075 1495 1116 1553 in·
1125 1503 1158 1560 19

109 1571 210 1650 primis
227 1574 304 1632 souti
319 1572 430 1649 videre,
449 1591 507 1652 quo
522 1573 611 1634 iudex
622 1573 701 1634 dioto
717 1582 877 1650 moveatur,
895 1575 963 1652 quid
978 1586 1114 1653 respuat;

5 1659 6 1664 ’
112 1654 191 1733 quod
214 1664 245 1716 et
264 1655 344 1716 vultu
366 1659 537 1736 saepissime
567 1665 596 1717 et
622 1655 776 1735 aliquando
807 1658 891 1717 etiam
917 1658 996 1718 dieto
1017 1658 1115 1738 aliquo

5 1759 7 1776 ¹
108 1737 228 1800 faetore
244 1740 306 1799 eius
324 1738 559 1818 deprehenditur.
601 1737 639 1801 Et
661 1742 769 1801 instare
790 1739 1009 1820 proficientibus
1031 1752 1061 1803 et
1079 1743 1115 1803 ab

6 1839 7 1884 3
109 1823 160 1899 iis,
184 1841 260 1902 quae
277 1840 335 1884 non
353 1824 505 1903 adiuuent,
526 1843 610 1903 quam
624 1824 795 1885 mollissime
815 1825 919 1902 pedem
935 1835 1053 1904 oportet
1068 1845 1115 1887 re·

5 1957 7 1966 ,
109 1905 200 1966 ferre.
233 1905 354 1968 laetum
369 1907 427 1976 boe
449 1909 553 1986 mediol
571 1924 700 1986 quoque,
715 1917 747 1967 ut
764 1908 894 1970 remedia
909 1909 1032 1986 proinde
1049 1927 1115 1989 per·
1189 1983 1193 1990 ι

5 1987 6 2062 f
111 1999 250 2052 sererent
271 1990 410 2052 adbibere
434 1991 484 2052 vel
506 1988 652 2069 desinant,
677 2000 707 2052 ut
724 1991 774 2052 illa
788 1993 881 2070 recipi
895 1990 944 2051 vel
960 1995 1059 2071 respui
1073 1995 1115 2054 ui·

5 2079 6 2142 j
111 2072 189 2133 dent.
221 2071 451 2154 Nonnunquam·
471 2077 496 2137 si
518 2094 580 2135 rem
601 2076 741 2136 evolvere
757 2077 937 2155 propositam
951 2074 1039 2136 faeile
1058 2083 1158 2137 nouit)

5 2149 7 2158 '
109 2159 164 2232 sit,
180 2157 330 2220 inferenda
348 2167 394 2218 est
410 2160 466 2220 alia
484 2161 633 2239 quaestio,
657 2168 744 2239 atque
759 2160 788 2218 in
806 2177 869 2220 eam
883 2159 987 2237 iudex,
1012 2162 1037 2220 si
1052 2161 1116 2221 fieri
1204 2223 1209 2234 ‚

5 2247 7 2258 ²
111 2248 221 2318 potest,
239 2241 415 2301 avocandus.
454 2241 529 2314 Quid
545 2245 637 2320 enim,
659 2262 722 2304 eum
737 2243 917 2321 respondere
933 2260 990 2303 non
1006 2246 1114 2323 possis,

5 2343 7 2362 ι
110 2323 255 2400 agendum
271 2332 332 2400 est,
358 2324 412 2383 nisi
428 2333 458 2384 ut
471 2323 548 2384 aliud
563 2327 709 2401 invenias,
733 2327 778 2384 eui
794 2326 976 2386 adversarius
993 2343 1115 2406 respon·

5 2433 7 2478 q
112 2405 183 2467 dere
202 2424 261 2468 non
281 2405 395 2485 possiti
431 2406 464 2467 ln
487 2407 636 2487 plerisque
660 2408 735 2468 idem
751 2417 811 2484 est,
832 2417 862 2469 ut
877 2408 954 2484 dixi,
973 2409 1021 2487 qui
1038 2411 1156 2471 eireall

5 2487 7 2548 ἕ
112 2499 222 2566 testes,
244 2490 327 2551 loeus
345 2499 374 2550 et
391 2493 526 2570 personis
542 2491 628 2552 modo
644 2492 746 2567 distat,
772 2492 849 2570 quod
864 2491 911 2551 bie
928 2501 1115 2571 patronorum

5 2567 7 2578 ¹
112 2573 235 2634 intense
251 2583 398 2635 certamen
415 2574 476 2635 illie
491 2594 587 2655 pugna
603 2577 677 2636 inter
693 2585 799 2636 testem
814 2584 842 2635 et
858 2585 1018 2654 patronum.

6 2659 7 2670 ἵ
196 2682 377 2745 Exeroitatio
393 2701 465 2746 vero
480 2684 564 2746 buius
581 2687 626 2747 rei
641 2685 730 2764 longe
751 2685 875 2746 facilior.
910 2683 982 2745 Nam
1000 2694 1045 2746 est
1061 2687 1115 2745 uti·

6 2759 7 2762 '
113 2766 262 2844 basinum,
279 2769 449 2847 frequenter
461 2787 524 2830 eum
539 2771 649 2848 aliquo,
666 2771 713 2848 qui
725 2771 762 2829 sit
777 2769 935 2829 studiorum
947 2769 1115 2846 eorundem,

5 2851 7 2928 j
113 2869 229 2912 sumere
251 2854 399 2914 materiam
421 2852 471 2913 vel
492 2871 581 2914 verae
602 2855 651 2915 vel
677 2853 762 2912 etiam
784 2852 868 2913 fletae
885 2855 1114 2929 eommoversiae,

114 2941 143 2994 et
158 2935 289 2996 diversas
308 2946 407 3015 partes
423 2935 620 2998 altercationis
637 2937 723 2997 modo
739 2939 828 3006 tueri;
845 2936 922 3015 quod
937 2936 1013 2997 idem
1030 2937 1115 2996 etiam

113 3017 142 3076 in
158 3017 280 3096 simpliei
295 3038 406 3096 genere
424 3023 623 3100 quaestionum
639 3021 701 3081 lieri
717 3029 824 3100 potest.
853 3019 898 3080 Ne
914 3019 985 3080 illud
1002 3018 1115 3098 quidem
1122 3030 1157 3084 22

113 3101 249 3176 ignorare
267 3101 438 3164 aduocatum
452 3105 541 3182 volo,
567 3123 625 3185 quo
647 3122 781 3184 quaeque
803 3104 904 3165 ordine
927 3101 1062 3181 probatio
1078 3105 1116 3164 sit

5 3199 7 3210 ’
114 3184 190 3262 apud
211 3184 334 3245 iudioem
359 3186 550 3264 proferenda:
579 3191 660 3251 ouius
686 3190 730 3249 rei
757 3188 858 3249 eadem
883 3189 912 3246 in
939 3189 1115 3265 argumentis

5 3321 6 3324 ,
113 3268 188 3326 ratio
210 3277 271 3345 est,
292 3277 323 3329 ut
341 3273 541 3348 potentissima
560 3275 650 3352 prima
673 3283 702 3334 et
728 3289 836 3332 summa
860 3279 1013 3349 ponantur.
1061 3269 1115 3331 Illa

5 3397 7 3420 s
114 3351 190 3409 enim
214 3352 249 3412 ad
272 3353 446 3415 eredendum
468 3366 643 3436 praeparant
663 3357 803 3432 iudicem,
833 3355 907 3416 baee
930 3353 967 3416 ad
989 3371 1114 3434 pronun·

100 3434 245 3496 utiendum.
267 3481 268 3485 ,
