2608 3948
313 191 316 196 ’
400 214 840 286 ιιιετ.οιιΑιοιι.ι,ιιι.ιιι,5.
1064 208 1123 272 113

118 381 276 439 monstrat.
323 373 455 434 Alterum
481 382 527 432 est
553 371 856 450 deliberativum,
884 376 1166 444 tertiumiudi·15

119 461 223 522 ciale.
253 456 378 520 Ceterae
394 459 512 536 species
528 459 557 516 in
571 456 646 517 haec
661 459 714 517 tria
729 457 856 518 incident
870 475 992 536 genera,
1011 477 1067 520 nec
1081 461 1122 521 in·

117 545 250 605 venietur
265 561 303 603 ex
318 542 362 602 iuis
378 541 455 618 ulla,
477 543 506 601 in
522 558 578 618 qua
593 557 650 601 non
667 540 786 603 laudare
804 559 839 602 ac
852 544 1037 622 vituperare,
1058 561 1122 606 sna-

118 630 189 691 dere
207 645 243 690 aa
260 625 447 700 dissuadere,
467 624 619 685 intendere
635 625 703 704 qnid
716 624 766 686 vel
784 625 938 705 depellere
955 627 1121 688 debeamus.

117 713 171 773 iila
198 727 315 790 quoque
341 717 406 769 suut
428 710 604 784 communia,
635 709 809 786 conciliare,
835 726 971 786 narrare,
990 713 1122 789 docere,

118 813 247 874 augere,
270 795 415 869 minuere,
438 792 617 854 concitandis
633 794 880 872 componendisve
895 795 1048 856 attactibus
1065 798 1124 857 ani·

119 897 183 940 mos
200 879 373 940 audientium
391 877 512 955 tingere.

205 961 250 1024 Ne
275 961 319 1022 his
345 961 460 1042 quidem
486 963 678 1039 accesserim,
706 964 754 1042 qui
781 963 953 1024 laudativam
975 967 1125 1026 materiam
1133 968 1166 1023 16

118 1047 326 1124 tenesmo,
364 1045 584 1108 deliberativam
612 1048 751 1123 addam,
783 1045 956 1108 iudicialem
973 1050 1125 1112 iactorom

121 1134 293 1211 quaestione
310 1132 452 1192 contineri
468 1138 583 1209 putant,
604 1129 696 1190 celeri
715 1131 808 1208 magis
828 1147 864 1190 ac
878 1133 1000 1194 rotunda
1021 1135 1066 1193 usi
1082 1133 1124 1194 di·

116 1216 289 1277 stributione
306 1233 390 1294 quam
404 1231 484 1275 vera.
515 1215 597 1274 Stant
611 1215 687 1274 enim
702 1214 914 1292 quodammodo
927 1218 1030 1277 motuis
1044 1219 1123 1277 auxi·

117 1299 165 1361 liis
188 1302 292 1360 omnia.
328 1299 400 1360 Nam
422 1308 452 1358 et
473 1299 502 1358 in
523 1297 609 1358 lande
626 1299 734 1358 iustitia
751 1293 919 1378 utilitasque
938 1295 1079 1363 tractatur
1095 1309 1125 1360 et

117 1386 147 1444 iu
168 1383 298 1444 consiliis
322 1383 478 1458 honestas,
502 1390 531 1441 et
550 1398 617 1442 raro
639 1382 803 1444 iudicialem
826 1383 972 1444 inveneris
996 1400 1122 1461 causam,

117 1470 147 1528 in
164 1469 244 1528 cuius
267 1484 325 1526 nou
345 1475 429 1545 parte
450 1465 558 1544 aliquid
577 1483 697 1543 eorum,
718 1483 793 1546 quae
814 1465 1057 1546 supradiximus,
1077 1485 1123 1530 re·

118 1553 256 1632 periatur.
820 1583 824 1592 ·

235 1703 352 1765 QUIBUS
372 1701 605 1756 CONTINEATUR
623 1702 725 1755 OMNIS
741 1703 843 1756 nanto
862 1705 1004 1758 nicensi.

201 1802 238 1862 V.
274 1800 372 1862 Omnis
388 1811 483 1862 autem
499 1803 594 1862 oratio
612 1811 727 1862 constat
742 1811 791 1864 aut
806 1819 844 1861 ex
860 1801 924 1876 his,
942 1819 1018 1881 quae
1035 1805 1123 1880 signi·
1173 1817 1183 1836 ·

119 1887 258 1962 ficantur,
281 1894 330 1946 aut
345 1895 374 1944 et
389 1885 451 1962 his,
471 1901 546 1964 quae
562 1883 740 1964 significant,
761 1885 851 1946 idest
871 1883 980 1945 rebus
997 1895 1027 1945 et
1041 1903 1124 1946 rer·

118 1970 185 2033 bis.
226 1968 363 2030 Facultas
379 1969 480 2030 orandi
496 1977 709 2030 consummatur
727 1977 874 2043 natura,
898 1976 994 2045 arte,
1018 1987 1124 2030 exer·

119 2055 314 2130 citatione,
332 2054 379 2114 oui
392 2062 505 2133 partem
517 2061 646 2132 quartam
662 2052 797 2114 adiiciunt
812 2051 926 2132 quidam
936 2051 1123 2132 imitationis,

119 2157 203 2219 quam
224 2156 278 2198 nos
302 2139 356 2198 arti
378 2137 554 2199 subiioimus.
591 2136 658 2198 Tria
680 2147 745 2198 snut
767 2139 852 2214 item,
874 2154 951 2216 quae
971 2147 1148 2216 praestaret

117 2222 225 2285 debeat
241 2231 351 2298 orator,
367 2231 397 2282 ut
412 2221 561 2298 donea-t,
577 2231 735 2299 moveat,
752 2222 927 2283 delectet.
957 2221 1125 2284 Haecenim
1231 2251 1233 2258 ·

119 2307 228 2369 clarior
249 2306 353 2367 divisio
377 2323 461 2384 quam
484 2323 601 2382 eorum,
631 2308 680 2385 qui
702 2315 794 2367 totum
818 2323 892 2384 opus
916 2307 945 2364 in
970 2323 1023 2368 rec
1044 2316 1073 2366 et
1096 2309 1125 2366 in

117 2391 251 2475 affectae·
264 2391 436 2469 partiuntur.
473 2389 539 2450 Non
556 2407 673 2469 semper
688 2400 782 2450 autem
797 2390 893 2449 omnia
907 2390 936 2448 in
952 2405 1032 2466 eam,
1050 2407 1125 2468 quae

117 2472 307 2548 tractabitur,
325 2475 472 2534 materiam
491 2472 604 2534 cadent.
638 2472 730 2533 Erunt
745 2475 820 2533 enim
836 2472 977 2550 quaedam
993 2483 1124 2534 remotae

118 2557 155 2619 ab
173 2554 343 2632 affectibus,
367 2558 415 2636 qui
430 2565 461 2616 ut
476 2573 534 2617 non
551 2556 659 2635 ubique
677 2557 785 2625 habent
801 2557 913 2632 locum,
936 2557 975 2614 ita
996 2572 1124 2633 quocun-

119 2660 177 2723 que
192 2643 368 2720 irruperunt,
383 2641 536 2720 plurimum
550 2639 658 2701 valent.
683 2639 940 2701 Praestantissimis
956 2639 1150 2709 auctoribusst

117 2727 234 2807 piacet,
253 2724 309 2786 alia
325 2726 353 2784 in
368 2724 516 2785 rhetorice
533 2742 618 2800 esse,
638 2742 713 2804 quae
728 2723 930 2806 probationem
946 2722 1123 2802 desiderent,

118 2811 176 2872 alia
193 2827 268 2890 quae
283 2826 341 2869 nou
357 2809 543 2886 desiderent,
566 2825 630 2870 cum
645 2807 750 2889 quibus
769 2809 838 2888 ipss
856 2809 1017 2868 consentio.
1054 2807 1124 2883 Qui·

118 2895 183 2956 dam
204 2911 293 2971 vero,
315 2903 346 2954 ut
370 2891 493 2970 Celsus,
514 2893 551 2954 de
572 2891 651 2955 nulla
673 2911 706 2954 re
726 2893 868 2954 dicturum
887 2901 1049 2969 oratorem,
1069 2894 1125 2954 nisi

117 2980 155 3041 de
172 2996 228 3058 qua
244 2986 415 3057 quaeratur,
437 2978 617 3054 existimant,
635 2979 681 3038 cui
696 2995 761 3038 cum
775 2978 896 3038 maxima
912 2993 981 3055 pars
999 2977 1123 3054 scripto·

118 3079 182 3121 rum
205 3071 348 3141 repugnat
370 3072 428 3123 tum
451 3065 536 3124 etiarn
561 3064 626 3142 ipsa
651 3063 784 3142 partitio;
812 3062 866 3121 uisi
894 3060 972 3122 torte
993 3059 1123 3137 laudare,

120 3161 196 3224 quae
213 3155 328 3206 constet
346 3163 414 3206 esse
426 3147 565 3224 honesta,
588 3155 619 3206 et
635 3149 818 3226 vituperare,
840 3161 915 3225 quae
930 3161 969 3204 ex
985 3143 1123 3204 confesso

118 3230 178 3289 siut
192 3229 303 3308 turpia,
326 3245 383 3289 nou
399 3239 445 3290 ast
461 3233 587 3292 oratoris
603 3231 741 3292 osticium.

204 3309 280 3374 iilud
296 3315 352 3374 iam
367 3329 467 3374 omnes
482 3315 624 3392 intentur,
648 3332 715 3376 esse
731 3315 919 3395 quaestiones
934 3312 965 3372 in
980 3314 1149 3393 scriptos

119 3406 150 3459 et
170 3399 200 3458 in
221 3414 292 3458 non
313 3399 475 3479 scripto;
496 3400 657 3478 inscripto
678 3398 716 3459 de
733 3401 812 3473 iure,
832 3398 862 3456 in
881 3411 939 3456 non
958 3397 1071 3478 scripto
1087 3398 1125 3462 de

117 3500 161 3545 re.
188 3480 264 3545 lliud
279 3483 434 3546 rationale
449 3481 507 3544 hoo
522 3483 621 3562 lapsis
635 3500 729 3561 genus
744 3480 940 3560 Hermagoras
955 3490 1043 3561 atque
1059 3499 1126 3544 enm

160 3587 192 3626 ιι.
203 3587 228 3626 r.
241 3587 354 3638 cuman.
903 3591 905 3598 ¹

1275 3603 1294 3680 i
