2608 3948
167 195 227 259 tta
481 202 848 264 rr.rae.ou1ur11.1uur

164 364 221 424 turi
235 379 348 438 sumus,
371 375 541 442 personam,
565 374 695 432 causam,
716 356 827 431 locum,
846 365 974 436 tempus,
994 353 1167 422 instrumen-

123 455 239 522 totum‚
270 447 474 519 occasionem,
497 444 663 504 narratione
686 438 885 502 delibabimus.
927 440 1111 520 Aliquando,
1139 443 1168 508 si

166 529 297 594 destituti
314 529 452 592 fuerimus
468 526 531 602 bis,
552 527 638 588 etiam
660 523 827 586 fatebimur:
854 521 913 588 Vt'c
929 543 997 588 erce
1017 527 1168 592 creditos

164 615 222 678 aed
234 631 341 677 ouum
353 622 382 676 et
394 612 452 674 doe
462 610 563 672 maius
575 609 751 674 tcomdum
763 608 875 684 scelus,
890 611 1013 673 oucire
1025 629 1083 675 noc
1093 628 1166 688 qun·

122 698 255 766 simodo
272 698 392 777 [omum
405 697 446 757 rit
460 703 515 757 out
533 707 646 772 caure,
662 693 772 755 mirari
786 693 844 754 red
854 693 1051 770 probaturos.
1084 692 1166 773 Opti·

163 801 228 844 mae
242 798 315 843 vero
338 779 577 861 praeparationes
603 785 703 853 erunt,
724 793 799 856 quac
819 775 970 853 latuerint,
991 786 1022 837 ut
1043 795 1059 839 a
1081 776 1164 840 (lice-

162 883 236 927 rone
253 873 319 926 sunt
333 865 448 943 quidem
461 862 612 924 utilissime
628 859 777 938 praedicta
792 861 895 936 omnia,
909 878 963 939 per
979 879 1054 940 quae
1064 860 1180 924 Miloni·

165 947 285 1010 (tlcdius
303 964 361 1009 non
378 945 482 1008 Clodio
497 944 566 1007 llilo
591 943 739 1005 insidiatus
757 960 825 1002 esse
846 942 993 1014 videatur;
1013 945 1167 1024 plurimum

163 1041 260 1092 tamen
275 1031 347 1092 facit
367 1029 418 1092 illa
442 1029 628 1092 callidissima
649 1027 840 1106 simplicitatis
856 1029 991 1091 imitatio:
1012 1026 1086 1092 ffilo
1106 1049 1165 1092 aas·

164 1124 241 1194 tem,
263 1133 333 1178 cum
350 1117 384 1176 irc
403 1121 515 1180 corruta
526 1113 637 1194 flaccet
651 1130 687 1174 eo
709 1112 777 1188 dic,
799 1112 904 1188 quoad
916 1121 1042 1176 recum
1057 1121 1103 1176 ert
1117 1115 1165 1176 da'·

161 1201 289 1278 masau,
305 1201 428 1262 domum
440 1200 537 1275 cent,
554 1199 675 1259 calceos
689 1203 721 1256 et
732 1197 911 1258 vestimento
924 1199 1067 1274 malbod,
1084 1216 1165 1278 pou·

163 1285 274 1364 tepor,
295 1284 369 1346 dum
387 1302 422 1344 ac
441 1300 538 1359 asor,
558 1289 592 1341 ut
610 1279 660 1356 fit,
682 1287 859 1358 comportet,
882 1289 1087 1344 commoratus
1109 1291 1164 1344 eat.

121 1367 256 1442 saliuam
272 1365 342 1426 nihil
364 1366 518 1440 festinato,
543 1362 613 1422 nihil
628 1371 802 1441 praeparato
824 1362 933 1424 fecisse
948 1363 1062 1426 videtur
1077 1363 1164 1428 torci

164 1449 251 1523 Quod
277 1465 340 1510 non
360 1448 458 1509 solum
479 1446 568 1507 rebus
593 1447 665 1525 ipsis
689 1447 734 1506 vir
757 1446 1031 1526 eloquentissimus,
1062 1449 1165 1528 quibus

162 1549 258 1592 moras
274 1541 305 1592 et
319 1532 427 1592 lentum
442 1531 634 1611 profectionis
649 1530 780 1591 ordinem
793 1530 882 1608 ducit,
898 1531 951 1590 sed
965 1531 1063 1592 uerbis
1080 1534 1166 1592 etiam

162 1615 333 1694 vulgaribus
349 1625 378 1677 ct
394 1615 547 1677 cotidianis
563 1623 593 1676 et
607 1623 670 1675 arte
684 1613 802 1674 occulta
818 1624 993 1676 consecutus
1010 1625 1070 1684 est;
1090 1634 1165 1695 quae

64 1709 75 1728 ⁴
164 1700 292 1760 sialiter
312 1701 390 1762 dicta
412 1708 527 1776 essent,
544 1700 669 1777 strepitu
689 1699 782 1776 ipsum
803 1698 928 1760 iudicem
943 1699 979 1762 ad
1000 1701 1165 1762 custodien-
1286 1693 1287 1702 ’

121 1800 155 1854 59
164 1786 230 1845 dum
245 1794 397 1863 patronum
412 1785 601 1845 excitassent.
642 1781 764 1860 Frigere
778 1781 912 1842 ridentur
928 1783 984 1843 ista
998 1783 1165 1864 plerisque,

164 1867 216 1928 sed
237 1868 294 1929 boc
314 1868 579 1942 manifestumest,
599 1867 744 1945 quomodo
765 1865 890 1928 iudicem
912 1859 1068 1942 fefellerit,
1089 1869 1166 1946 quod

163 1953 214 2013 vix
230 1970 246 2012 a
262 1952 375 2013 lector'e
391 1951 628 2032 deprehenditur.
652 1949 734 2011 Haec
749 1959 831 2027 sunt,
847 1967 922 2029 quae
938 1950 1106 2012 credibilem
1123 1952 1165 2011 fa·
1286 1983 1287 1988 κ

121 2037 241 2105 sociant
263 2037 487 2114 expositionem.
523 2033 595 2096 Nam
613 2034 643 2093 id
664 2033 796 2114 quidem,
820 2051 858 2094 ne
877 2052 933 2113 qua
955 2036 1100 2096 contraria
1117 2045 1166 2097 aut

164 2117 219 2178 sibi
233 2119 424 2197 repugnantia
438 2119 467 2178 in
484 2119 648 2186 narratione
663 2117 806 2192 dicamus,
828 2119 852 2178 si
869 2121 915 2178 cui
930 2118 1167 2197 praecipiendum

164 2211 227 2276 est,
253 2203 277 2262 is
302 2202 416 2282 reliqua
439 2202 546 2262 frustra
569 2200 704 2268 docetur;
731 2202 842 2262 etiamsi
865 2203 978 2280 quidam
1004 2203 1165 2282 scriptores

163 2285 276 2345 Artium
283 2284 353 2430 (poct
364 2302 481 2364 quoque
497 2293 630 2364 tanquam
642 2284 787 2346 occuitum
802 2293 831 2346 et
847 2303 862 2345 a
877 2303 910 2348 se
925 2285 1084 2366 prudenter
1100 2305 1165 2348 eru·

121 2377 721 2522 61uumuppsutpiimmandiVirunums
739 2452 876 2514 adiiciunt
894 2455 1007 2534 quidam
1026 2457 1164 2532 magni·

163 2537 369 2613 ficentiam‚
397 2553 480 2617 quam
501 2535 750 2616 μεγαλοπρέπειαν
772 2547 896 2614 vocant,
924 2555 998 2617 quae
1020 2555 1117 2618 neque
1136 2541 1166 2599 in
1286 2599 1287 2620 p

163 2638 383 2682 omuescausas
405 2622 482 2682 cadit
500 2620 579 2702 (uam
596 2620 664 2700 quid
679 2623 708 2680 in
730 2621 880 2701 plerisque
901 2621 1014 2684 iudiciis
1033 2623 1164 2701 privatis,

164 2706 201 2765 de
217 2714 298 2766 certa
313 2704 440 2780 credita,
460 2703 559 2765 locuto
574 2713 603 2766 et
620 2705 782 2780 conducto,
802 2705 962 2768 interdictis
979 2705 1089 2767 babere
1105 2704 1165 2766 loci
1286 2737 1287 2744 κ

163 2797 263 2867 potest
286 2805 373 2866 supra
393 2787 508 2848 modum
528 2807 562 2849 se
583 2789 693 2851 tollens
715 2785 845 2869 cratioi)
869 2807 964 2868 neque
982 2807 1099 2869 semper
1120 2797 1166 2850 est

121 2871 259 2947 sectilis,
285 2870 367 2931 reiut
390 2872 522 2949 proximo
541 2874 677 2953 exemplo
698 2871 854 2932 ltliloniano
877 2882 966 2950 patet.
1009 2871 1046 2933 Et
1066 2874 1164 2933 memi-

163 2956 289 3015 nerimus
310 2954 415 3016 mattas
438 2974 507 3016 esse
528 2974 647 3033 causas,
668 2957 696 3016 in
719 2955 822 3034 quibus
847 2957 1056 3032 confitendum,
1076 2974 1165 3018 excu-

164 3038 293 3117 sandum,
309 3040 539 3104 summittendum
553 3042 601 3116 sit,
618 3040 696 3119 quod
712 3040 897 3117 exponimus;
915 3041 1017 3120 quibus
1033 3039 1165 3101 omuibus

164 3123 259 3184 aliena
277 3132 322 3184 est
342 3123 393 3190 illa
409 3125 640 3202 magnificentiae
660 3125 760 3183 virtus.
797 3121 894 3198 Quare
911 3142 972 3187 noa
984 3127 1076 3202 magis
1096 3140 1165 3204 pro·

163 3209 256 3287 prium
271 3209 443 3270 manationis
456 3217 502 3268 est
515 3207 668 3285 magnifice
684 3205 782 3268 dicere
795 3225 879 3287 quam
893 3209 1108 3284 miserabiliter,
1123 3208 1164 3267 iu·

164 3291 296 3369 mucce,
313 3293 458 3368 graviter,
474 3289 613 3368 dulciter,
631 3289 755 3362 urbane3
773 3310 864 3372 quae,
883 3312 947 3354 cam
962 3309 1016 3354 suo
1031 3308 1165 3371 quaeque

164 3375 234 3496 lopo
249 3373 489 3517 s‘iputdlaudabilim
508 3389 565 3434 nou
585 3384 650 3436 sunt
666 3375 733 3438 buic
747 3378 822 3456 parti
839 3379 958 3456 proprie
974 3376 1120 3453 assignata
1135 3381 1166 3435 et

164 3467 246 3510 vent
284 3457 369 3516 cita.
930 3481 933 3488 r
