2592 3940
201 207 264 270 230
512 221 550 270 u.
561 219 645 273 aaa.
662 218 882 280 consutorum

201 383 259 474 tam
282 373 320 436 sit
340 373 458 436 stultum
478 389 563 453 quam
586 374 615 434 io
637 374 826 436 clarissimum
846 374 939 436 solem
962 373 1085 436 mortale
1107 374 1213 438 lumen
1272 461 1274 488 Ι

176 459 339 609 bmfwfiis
361 540 475 620 quidam
494 538 683 618 probationes
704 539 856 616 adiiciunt,
879 557 951 618 quas
965 531 1138 618 παθητικὰς
1154 558 1211 602 vo·
1273 503 1274 506 Ἴ

203 634 285 702 cant,
308 625 408 686 ductas
430 641 468 684 ex
489 622 714 686 affectibus.
759 621 857 702 Atque
878 622 1060 685 Aristoteles
1085 625 1209 703 quidem

202 709 433 790 potentissimum
451 715 532 785 putat
550 724 588 767 ex
607 723 661 782 eo,
682 708 731 787 qui
755 707 841 783 dicit,
871 708 901 768 si
922 708 952 768 si
960 716 971 767 t
989 709 1048 768 vir
1069 707 1209 777 bonus;

203 793 282 873 quod
297 801 329 853 nt
343 791 481 870 optimum
498 798 559 851 est:
581 791 620 850 ita
645 791 734 868 longe
749 790 865 868 quidem
881 790 935 851 scd
949 793 1082 870 seqnitur
1096 800 1208 868 tamen,

161 875 338 944 touideri.
373 873 444 934 Inda
461 875 536 935 enim
551 874 602 934 illa
617 873 722 934 nobilia
737 875 839 936 Scauri
859 874 1008 936 defensio:
1033 872 1069 949 Q.
1091 873 1210 938 Vos-issa

202 959 407 1023 Sucronensis
426 959 472 1019 ait
484 955 646 1022 descidium
663 955 818 1020 Scaurum
839 977 904 1020 rem
922 959 1079 1038 publicam
1098 962 1210 1038 popula·

202 1044 333 1106 Romami
352 1042 548 1122 prodidisrer
569 1037 717 1104 dontibus
737 1040 880 1104 Scaurus
898 1051 999 1120 sscpct.
1040 1040 1093 1102 Cui
1108 1043 1206 1104 simile

203 1126 337 1208 quiddam
357 1126 466 1190 fecisse
487 1125 649 1204 Iphicrates
665 1125 784 1201 dicitnr,
809 1127 858 1203 qui
873 1143 937 1186 cum
951 1125 1204 1203 Aristophontem,

203 1227 262 1291 quo
280 1217 436 1274 accusante
449 1209 550 1272 similis
567 1209 691 1270 criminis
708 1226 777 1270 rens
792 1219 865 1284 erat,
879 1210 1110 1287 interrogasset,
1127 1227 1164 1270 an
1180 1211 1205 1268 is

203 1303 325 1373 accepta
347 1294 469 1373 pecunia
490 1311 552 1353 rem
583 1292 727 1370 publicam
751 1293 917 1370 proditurus
944 1301 1039 1361 esset:
1070 1294 1154 1372 isque
1178 1294 1207 1354 id

163 1387 356 1456 arrogasset:
379 1375 469 1452 Quod
485 1377 576 1453 dicis,
591 1378 698 1455 inquis,
715 1386 743 1438 tc
759 1395 819 1437 nors
831 1377 954 1455 fecisse,
971 1395 1026 1454 opo
1038 1377 1103 1455 [eci
1112 1379 1128 1436 :²
1160 1376 1206 1436 ln·

204 1461 340 1522 tuendum
356 1469 451 1520 autem
467 1468 513 1536 et,
531 1459 580 1539 qui
594 1459 646 1535 sit,
668 1459 743 1539 apud
761 1476 846 1538 quem
862 1459 1000 1535 dicimus,
1021 1468 1051 1520 et
1064 1458 1108 1536 id,
1125 1459 1206 1539 quod

203 1544 245 1606 illi
260 1543 382 1604 maxime
397 1542 550 1621 probabile
565 1543 713 1619 rideatur,
736 1542 954 1621 requirendum:
977 1560 1034 1621 qua
1054 1542 1091 1606 de
1105 1561 1138 1603 re
1161 1543 1205 1604 lo·

164 1638 196 1692 12
204 1627 262 1690 cuti
284 1645 381 1688 sumus
401 1635 431 1687 et
451 1628 592 1706 prooemii
615 1635 645 1686 et
669 1627 818 1689 suasoriae
837 1629 1014 1706 praeceptis.
1044 1625 1147 1687 Altera
1167 1639 1206 1686 es

205 1711 467 1774 affirmatione
491 1710 625 1789 probatio
643 1718 705 1771 est:
727 1707 793 1790 Epo
808 1711 960 1789 bocfecs'r
988 1708 1033 1771 Tu
1053 1711 1127 1772 mite
1146 1711 1206 1772 boc

205 1796 330 1865 dtcisss·,·
349 1803 379 1854 et
404 1791 568 1874 Ofccs‘ssus
589 1795 766 1873 iodipnssm!
787 1803 816 1854 ct
837 1794 955 1862 similia;
978 1810 1053 1873 quae
1072 1810 1131 1853 non
1153 1792 1204 1854 de·

203 1878 274 1948 bens
289 1879 403 1959 quidem
419 1877 526 1939 deesse
542 1880 663 1939 orationi
687 1886 733 1954 et,
758 1878 783 1938 si
798 1877 919 1952 desunt,
941 1877 1059 1937 multam
1080 1885 1204 1942 nocent:

193 1965 261 2024 'non
276 1971 370 2024 tamen
385 1961 516 2024 babenda
531 1971 597 2023 sunt
617 1963 692 2023 inter
706 1979 807 2039 magna
823 1961 986 2040 praesidia,
1007 1978 1070 2020 cum
1093 1960 1151 2023 boc
1177 1963 1205 2019 in

162 2046 304 2113 noeadem
326 2063 412 2107 causa
432 2045 495 2106 fieri
517 2062 555 2105 cx
578 2053 700 2123 utraque
728 2053 810 2122 parte
836 2043 969 2104 similiter
990 2046 1093 2122 possit.
1129 2043 1205 2106 lllae

204 2131 348 2190 firmiores
364 2147 402 2188 ex
419 2145 470 2188 sua
491 2128 595 2206 cuique
611 2144 737 2205 persona
755 2126 963 2206 probationes,
985 2144 1061 2206 quae
1079 2126 1205 2188 credibi·

203 2213 262 2273 lem
279 2211 420 2272 rationem
435 2209 594 2270 subiectam
608 2210 747 2271 babeant:
769 2218 800 2271 nt
822 2211 989 2272 vulneratus
1011 2218 1059 2271 aut
1075 2209 1136 2272 lilio
1157 2227 1204 2270 or-

203 2295 287 2358 batus
302 2311 361 2355 non
374 2293 462 2354 luerit
478 2293 563 2354 alium
578 2303 764 2354 accusaturus
783 2311 868 2373 quam
882 2301 1052 2370 nocentem,
1076 2293 1204 2371 quando,

204 2382 229 2440 si
244 2381 393 2457 negotium
409 2378 554 2438 innocenti
573 2377 652 2453 facit,
669 2377 774 2440 liberet
790 2395 854 2438 eum
871 2394 958 2454 noxa,
976 2379 1024 2456 qui
1043 2377 1203 2438 admiserit.

203 2463 276 2524 Hinc
298 2472 328 2524 et
350 2471 449 2541 patres
472 2461 612 2522 adversus
633 2461 742 2521 liberos
767 2470 796 2522 et
818 2462 958 2523 adversus
983 2476 1052 2520 suos
1078 2462 1204 2540 quisque

203 2547 389 2608 necessarios
405 2545 606 2606 auctoritatem
620 2554 730 2623 petunt.

164 2642 196 2697 rs
290 2629 458 2703 Quaesitum
480 2629 582 2705 etiam,
603 2629 803 2707 potentissima
823 2637 990 2705 argumenta
1005 2629 1136 2706 primone
1151 2643 1204 2705 po·

204 2714 298 2775 nenda
315 2715 372 2776 sint
388 2713 467 2789 loco,
483 2720 514 2772 ut
531 2722 677 2790 occupent
691 2713 817 2788 animos,
836 2729 872 2772 an
887 2728 1017 2786 sommo,
1033 2718 1064 2770 ut
1078 2709 1146 2770 inde
1163 2710 1203 2770 di·

202 2798 328 2872 mittant,
351 2815 387 2856 an
404 2796 508 2875 partita
530 2797 621 2874 primo
637 2812 823 2874 summoque,
845 2795 923 2874 quod
937 2795 1090 2856 Homerica
1105 2793 1203 2871 dispo·

203 2881 307 2940 sitione
328 2881 357 2940 in
379 2878 474 2939 medio
496 2879 553 2939 sint
574 2879 699 2955 infirma,
727 2888 758 2940 ut
783 2879 884 2940 animis
913 2874 1065 2939 crescant?
1109 2875 1203 2952 Quae,

203 2971 290 3042 prout
305 2963 379 3023 ratio
396 2978 502 3022 causae
518 2963 658 3041 cuiusque
680 2961 857 3042 postulabit,
885 2959 1108 3035 ordinabuntur,
1132 2975 1203 3036 nno,

202 3055 234 3107 nt
251 3064 309 3125 ego
328 3062 455 3122 censeo,
469 3053 613 3123 excepto,
629 3064 665 3106 ne
683 3064 700 3108 a
715 3046 923 3124 potentissimis
938 3043 976 3106 ad
990 3044 1137 3104 levissima
1152 3042 1200 3103 de·

204 3139 320 3192 crescat
335 3130 438 3191 oratio.

161 3226 195 3281 15
286 3214 352 3293 Ego
374 3213 448 3276 baec
471 3211 603 3274 breviter
623 3213 839 3273 demonstrasse
866 3218 1019 3272 contentas
1042 3210 1081 3270 ita
1107 3209 1203 3287 posui,

202 3305 233 3358 nt
252 3297 338 3360 locos
359 3299 440 3376 ipsos
464 3304 494 3358 et
514 3314 624 3375 genera
652 3313 737 3375 quam
762 3311 881 3373 possem
901 3293 1083 3373 apertissime
1105 3300 1203 3352 osten-

203 3379 312 3442 derem.
345 3380 466 3455 Quidam
483 3381 599 3440 executi
617 3387 682 3438 sunt
699 3377 863 3454 verbosius,
880 3376 983 3457 quibus
997 3376 1118 3456 placuit,
1134 3392 1203 3455 pro·

263 3465 267 3468 ’
315 3463 447 3525 locorum
468 3463 656 3523 communium
673 3465 802 3541 materia,
824 3477 882 3542 quc
897 3476 1033 3539 quasque
1049 3478 1098 3524 res
1115 3459 1204 3521 modo
