2578 3946
383 223 473 273 1nsr.
499 222 648 274 oaauou.
670 224 746 274 ose·
763 225 792 290 1,
816 225 857 275 ru.
1087 214 1128 276 55

116 395 239 460 quoquo
256 381 289 442 iu
313 385 398 456 parte
420 376 547 441 civilium
570 378 666 476 posita
693 378 829 442 uirtutum
858 386 890 478 et
911 377 1075 459 constppo
1098 382 1127 444 in

119 459 1169 625 tttrtttitbtt‘ttii‘ittitttttttttttttn

114 646 207 708 »uuam
222 629 259 690 ad
280 628 360 692 bella
383 645 501 707 quoque
523 627 622 690 utilem
642 626 780 690 babuisse
800 630 875 692 inter
899 633 1126 694 exercitationes

113 715 301 792 »acceptoria
346 711 451 790 Neque
467 711 495 772 id
511 711 659 772 veteribus
681 711 818 774 Romanis
839 712 979 778 dedecori
997 715 1065 785 iuit;
1081 735 1125 780 ar·

117 806 289 874 ganutun
315 805 360 859 ast
382 795 567 858 sacerdotum
593 797 707 857 nornine
731 815 766 858 ao
788 795 933 876 religione
958 798 1063 860 durans
1090 799 1126 861 ad

118 880 179 944 boc
201 889 314 958 tempus
336 878 470 956 saltatio,
493 888 522 940 at
543 879 594 942 iiia
615 881 644 940 in
665 881 751 941 tertio
773 879 924 944 Ciceronis
946 881 984 943 de
1001 881 1125 944 Oratore

117 963 197 1026 iibro
218 962 308 1026 verba
326 961 443 1039 crassi,
462 963 564 1042 quibus
585 965 746 1043 praecipit,
769 973 800 1026 ut
818 973 918 1028 orator
934 975 1031 1030 utatur
1048 968 1124 1030 iote'·

115 1066 189 1111 ,anm
209 1049 405 1110 inclinatione
419 1048 494 1127 forti
508 1067 548 1110 oc
568 1050 661 1125 cirili,
683 1067 742 1110 non
762 1067 785 1110 n
804 1067 900 1112 aomo
922 1059 951 1112 et
970 1051 1123 1114 mutnu-

118 1133 178 1194 bnr
196 1134 255 1196 aed
275 1133 316 1195 ob
335 1133 433 1194 orinia
454 1139 510 1194 aot
527 1133 620 1194 etium
639 1151 660 1194 o
681 1133 862 1211 palaestro:
891 1135 972 1196 cutus
996 1133 1123 1214 discipli

117 1233 175 1276 nae
199 1235 269 1278 usus
290 1217 458 1280 innostram
480 1232 574 1294 usque
596 1223 722 1278 aetatem
743 1216 807 1278 sine
822 1215 1051 1295 reprehensione
1074 1218 1123 1280 de·

113 1301 244 1362 scendit.
288 1299 316 1360 A
337 1319 384 1360 ure
401 1309 496 1361 tamen
517 1317 575 1360 nec
591 1299 667 1362 ultra
690 1300 820 1378 pueriles
838 1317 929 1364 anuos
953 1301 1123 1368 retinebitur
1132 1313 1166 1370 19

118 1402 177 1446 nec
193 1385 223 1444 in
241 1384 286 1444 his
302 1385 374 1462 ipsis
391 1385 449 1449 diu.
492 1382 597 1462 Neque
613 1384 688 1446 entim
707 1391 822 1461 gestum
845 1387 969 1446 oratoris
990 1388 1124 1464 conponi

115 1467 158 1528 *ad
176 1466 390 1528 similitudinen
405 1467 566 1528 saltationis
586 1467 655 1529 uolo
673 1467 727 1529 sed
744 1466 868 1530 subesse
886 1468 994 1548 aliquid
1012 1487 1050 1530 ex
1068 1469 1124 1532 bac

120 1551 333 1614 exercitatione
351 1550 472 1630 puerili,
492 1550 567 1612 unde
582 1567 636 1610 nos
653 1567 711 1614 non
728 1551 757 1612 id
776 1561 899 1630 agentes
917 1553 1013 1614 furtin
1032 1554 1124 1615 decor

118 1634 173 1696 iile
194 1633 372 1697 discentibus
393 1633 514 1696 traditus
536 1643 738 1714 prosequatur.

119 1787 165 1843 ΑΝ
182 1788 290 1840 PLURA
312 1787 425 1844 obnuit
445 1787 598 1844 TEMPORE
616 1786 735 1840 uocum
752 1789 851 1840 rulttt
870 1789 979 1842 Auris
997 1790 1119 1844 Possit.

203 1883 267 1946 xli.
301 1883 411 1958 Quaeri
436 1885 531 1962 solet,
562 1904 615 1963 an,
645 1889 756 1949 etiarnsi
789 1888 928 1951 discenda
952 1891 1009 1950 sint
1035 1889 1121 1968 baec,

115 1967 224 2030 Mem
245 1977 378 2048 ternpore
398 1977 493 2030 tauron
514 1969 587 2031 tradi
610 1972 704 2031 omnia
722 1979 753 2032 et
774 1974 887 2051 percipi
910 1974 1033 2052 possint.
1063 1971 1121 2033 Ne·

110 2061 187 2131 gant
210 2053 284 2114 enim
312 2053 443 2132 puidam,
471 2055 536 2132 quia
563 2055 754 2116 confundatur
783 2058 893 2117 animus
921 2074 956 2118 ac
984 2055 1122 2134 fatigetur
1184 2115 1190 2130 ,

115 2144 159 2197 tot
180 2135 342 2214 disciplinis
364 2138 393 2196 in
415 2137 559 2198 diversorii
576 2137 774 2216 tendentibus,
798 2139 834 2200 ad
856 2157 927 2219 quas
951 2158 1007 2202 neo
1027 2159 1119 2218 mena,

114 2237 171 2280 nec
195 2236 319 2298 corpus,
341 2238 397 2282 nec
419 2220 482 2283 dies
497 2223 562 2300 ipse
584 2223 726 2298 suiiiciat,
753 2231 783 2284 et
802 2225 827 2284 si
851 2226 975 2286 maxime
997 2228 1121 2303 patiatur
1167 2283 1168 2286 ,

113 2303 173 2364 boc
194 2311 276 2366 aetas
297 2303 461 2382 robustior,
490 2305 620 2384 pueriles
642 2324 733 2368 annos
756 2309 872 2368 onerari
894 2325 953 2370 non
974 2314 1119 2386 oporteat.

201 2387 260 2449 Sed
282 2405 339 2450 non
361 2390 432 2450 satis
449 2391 645 2469 perspiciunt,
670 2382 806 2470 quantuor
828 2399 929 2452 natura
950 2391 1064 2466 humani
1079 2393 1150 2455 itt-t

109 2471 195 2549 genii
216 2470 327 2542 valeat;
358 2490 432 2552 quae
453 2475 493 2534 ita
517 2482 563 2534 est
585 2475 670 2553 agilis
692 2493 727 2536 ao
749 2473 857 2550 velox,
886 2476 930 2534 sic
955 2476 983 2532 in
1006 2491 1119 2536 ornnem

113 2562 246 2634 portent,
271 2564 302 2617 ut
322 2557 361 2618 ita
382 2558 518 2635 dixerim,
541 2567 673 2636 spectat,
697 2566 728 2618 ut
751 2576 789 2617 ne
810 2558 904 2636 possit
926 2557 1041 2632 quidem
1067 2556 1118 2616 ali·

111 2637 184 2718 quid
207 2655 298 2716 apere
327 2648 434 2702 tautum
456 2660 559 2716 unum,
589 2644 617 2702 in
640 2642 724 2720 plura
749 2657 822 2699 vero
848 2657 906 2700 non
940 2637 1046 2698 eodern
1073 2639 1120 2701 die

112 2721 202 2786 modo
227 2723 280 2784 sed
311 2725 415 2786 codem
443 2725 583 2804 temporis
607 2731 754 2785 monento
777 2723 834 2784 viar
856 2741 937 2784 suana
963 2722 1119 2804 impendat.

113 2805 161 2868 An
184 2823 257 2868 varo
280 2809 439 2870 citharoedi
459 2827 517 2870 non
538 2808 623 2869 simul
649 2817 678 2870 et
699 2807 857 2869 memoriae
886 2817 917 2868 et
937 2825 1011 2869 sono
1037 2811 1150 2874 reciet

112 2899 144 2951 et
166 2889 297 2969 plurimis
317 2893 441 2955 flexibus
456 2895 596 2970 serviunt,
621 2911 685 2953 curn
702 2892 815 2954 interim
831 2892 905 2954 alios
924 2911 1032 2956 nervos
1050 2893 1119 2954 dex·

109 2983 159 3036 tra
177 2971 361 3055 percurrunt,
384 2978 458 3040 alios
472 2979 557 3039 laeva
574 2976 704 3053 trabunt,
728 2978 892 3054 continent,
909 2978 1062 3057 praebent,
1084 2995 1120 3036 ne

114 3077 168 3140 pes
189 3060 305 3138 quidem
329 3063 440 3124 otiosos
464 3071 572 3123 certant
590 3061 689 3140 legen
708 3064 848 3141 temporis
872 3069 981 3137 servat,
1003 3070 1033 3122 et
1046 3061 1121 3120 bace

113 3145 226 3222 pariter
249 3141 366 3205 ornniai
411 3143 508 3220 Quid?
538 3163 592 3205 nos
621 3146 727 3224 agendi
751 3145 847 3208 subita
870 3146 1048 3206 necessitate
1072 3139 1151 3200 ‹te-4

111 3227 253 3306 prehensi
274 3245 370 3289 nonne
388 3228 444 3290 alia
462 3227 598 3306 dicimos,
623 3229 679 3292 alia
703 3231 906 3310 providemus,
930 3223 994 3286 c‘urn
1011 3224 1120 3304 pariter

112 3309 243 3372 inventio
261 3323 369 3387 rerum,
392 3312 499 3374 electio
518 3313 694 3390 uerborum,
714 3312 899 3392 compositio,
922 3317 1035 3386 gestus,
1051 3324 1116 3388 pro·

113 3396 273 3472 nuntiatio,
292 3394 406 3472 vultus,
435 3405 587 3476 motusque
607 3391 834 3460 desiderentur?
878 3390 960 3465 Quae
989 3395 1015 3464 si
1038 3391 1120 3454 velut

113 3476 169 3539 sub
188 3495 246 3540 ono
271 3486 377 3540 conatu
398 3487 455 3540 tarn
477 3479 592 3544 diversa
620 3490 724 3562 parent
745 3475 846 3552 simul,
877 3493 929 3536 cnr
951 3494 1009 3539 non
1031 3475 1119 3558 piori-
