2570 3946
493 516 660 600 lllllllll
678 499 914 610 llllllllllllll

201 686 749 804 INSTll'Ul'lllNlS
787 685 1202 803 lllllll'llllllll

395 975 682 1040 VIOTORIUM
699 975 1009 1038 MAROuLLUM

577 1096 727 1162 LIBRI
749 1095 828 1160 XII.

621 1339 740 1390 LIBER
763 1340 784 1395 1.
896 1360 900 1368 ·

199 1435 278 1486 Libro
294 1436 377 1501 primo
396 1435 460 1486 haee
478 1437 648 1488 eontinentur:
677 1438 846 1491 Prooemium.
885 1435 1102 1496 Quemadmodum
1120 1438 1203 1502 prima

235 1504 359 1554 elementa
382 1503 505 1555 tradenda
529 1507 587 1556 sint.
627 1507 719 1558 Utilius
738 1507 808 1558 domi
828 1523 861 1558 an
881 1508 909 1557 in
926 1505 1023 1557 scholis
1045 1505 1201 1560 emdlantur.

235 1571 290 1632 Qua
308 1572 446 1625 rationein
464 1576 552 1639 parvis
570 1577 673 1642 ingania
689 1577 870 1644 dignosoantur
886 1583 910 1628 at
925 1590 975 1639 qua
992 1575 1124 1628 tractanda
1141 1574 1201 1628 sint.

233 1641 271 1692 De
287 1643 462 1708 grammatice.
494 1642 531 1694 Da
546 1644 631 1697 olfloio
648 1647 817 1712 grammatici.
847 1646 888 1694 An
905 1644 999 1696 oratori
1016 1643 1101 1693 lutuno
1116 1655 1204 1692 neees-

235 1711 302 1761 saria
326 1712 359 1761 sit
381 1711 494 1778 plurium
518 1715 610 1764 artium
634 1715 749 1767 seientia.
786 1714 824 1764 Da
846 1713 952 1764 musice.
992 1711 1031 1762 Da
1053 1712 1202 1778 geometria.

234 1778 273 1830 Da
287 1781 370 1846 prima
388 1781 602 1846 pronuntiationis
619 1789 644 1833 et
660 1790 748 1849 gestus
767 1782 932 1834 institutione.
965 1781 1006 1834 An
1023 1780 1099 1848 plora
1114 1780 1203 1834 eodem

233 1854 348 1916 tempore
366 1849 453 1904 dooeri
470 1851 554 1916 prima
571 1857 640 1904 aetas
657 1853 751 1918 possit.

524 1968 876 2039 PROOEMIUM.

289 2061 368 2152 Pon
385 2094 565 2170 impetratam
583 2095 685 2154 studiis
698 2096 771 2155 meis
784 2097 926 2173 quietem,
943 2109 1018 2171 quae
1034 2109 1090 2170 per
1101 2091 1204 2169 viginti

200 2190 291 2236 annos
312 2175 477 2235 erudiendis
495 2174 651 2237 'iuvenibus
673 2178 886 2255 impenderam,
912 2193 976 2236 eum
996 2192 1074 2236 ame
1090 2175 1203 2254 quidam

200 2258 382 2320 familiariter
403 2258 602 2337 postularem,
622 2268 653 2320 ut
673 2260 780 2338 aliquid
799 2261 837 2322 de
858 2262 971 2322 ratione
992 2259 1107 2322 dioendi
1124 2276 1202 2320 oom-

199 2360 355 2424 pouerem:
377 2343 425 2404 diu
440 2361 502 2404 snm
517 2344 652 2422 equidem
666 2344 838 2421 reluctatus,
856 2345 933 2424 quod
946 2351 1083 2405 auotores
1098 2344 1203 2403 utrius·

200 2445 257 2508 que
275 2428 392 2506 linguae
416 2427 595 2490 olarissimos
610 2445 668 2488 non
687 2427 856 2506 ignorabam
871 2429 977 2503 mnlta,
997 2445 1071 2506 quae
1092 2426 1128 2487 ad
1145 2425 1204 2486 hoo
1269 2447 1270 2458 ¹

199 2529 274 2591 opus
290 2513 488 2589 pertinerent,
512 2511 733 2590 diligentissime
756 2514 865 2592 scripta
886 2513 1013 2594 posteris
1033 2509 1201 2589 reliquisse.

166 2611 184 2663 2
200 2595 259 2656 Sed
282 2615 337 2675 qua
354 2615 412 2676 ego
430 2616 467 2658 err
489 2615 577 2657 eausa
598 2595 761 2657 faciliorem
780 2597 848 2658 mihi
862 2598 974 2657 reniam
994 2613 1077 2655 meae
1097 2594 1202 2672 depre-

200 2682 321 2738 cationis
338 2681 498 2742 arbitrabar
517 2681 599 2758 iore,
618 2680 673 2741 hao
690 2681 923 2744 accendebantur
937 2679 979 2739 illi
994 2679 1103 2754 magis,
1124 2677 1203 2754 qnod

198 2762 274 2821 inter
296 2762 426 2822 diversas
446 2768 598 2842 opiniones
620 2769 748 2844 priorum
767 2774 797 2826 et
816 2763 953 2843 quasdam
969 2763 1054 2821 etiam
1073 2763 1149 2820 inter
1168 2778 1203 2820 se

202 2846 361 2905 contrarias
382 2845 509 2906 diliieilis
530 2860 610 2908 esset
629 2850 752 2916 eleetio;
776 2857 807 2906 ut
826 2846 894 2906 rnilni
917 2847 942 2904 si
963 2861 1021 2904 non
1039 2845 1204 2905 inveniendi

200 2945 275 2989 nova
292 2937 321 2987 at
341 2936 422 2989 oerte
438 2930 580 2990 iudicandi
602 2930 638 2989 de
659 2930 807 2990 veteribus
824 2931 975 3006 iniungere
994 2926 1125 2989 laborem
1144 2943 1204 2987 non

166 3014 305 3083 ainiuste
330 3013 507 3072 viderentur.
554 3012 691 3086 Quamvis
716 3022 811 3073 antem
836 3030 894 3074 non
919 3022 976 3074 tam
1000 3031 1045 3072 me
1070 3014 1205 3073 vinceret

201 3097 383 3177 praestandi,
411 3097 489 3175 quod
510 3096 701 3173 exigebatur,
728 3098 832 3158 fidncia
857 3115 941 3176 quam
966 3096 1090 3174 negandi
1115 3113 1203 3157 vere·

201 3181 320 3241 oundia:
344 3181 429 3242 latius
453 3198 486 3240 se
509 3188 604 3240 tamen
621 3182 773 3259 aperiente
792 3183 911 3243 materia
928 3181 994 3259 plus
1010 3199 1094 3259 quam
1109 3181 1202 3257 impo-

200 3264 322 3324 nebatur
339 3266 437 3324 oneris
460 3271 565 3341 sponte
586 3267 719 3344 snsoepi;
748 3267 831 3328 simul
851 3274 883 3326 ut
904 3265 1037 3343 pleniore
1058 3263 1204 3342 obsequio

201 3348 368 3408 demererer
388 3349 597 3409 amantissimos
623 3350 696 3424 mei,
725 3349 809 3410 simul
833 3369 869 3410 ne
891 3349 1042 3426 vulgarem
1062 3349 1138 3407 riam
1160 3347 1204 3405 in-

168 3440 186 3496 4
201 3449 321 3510 gressus
336 3433 438 3494 alienis
454 3433 566 3494 demum
580 3435 713 3511 vestigiis
728 3435 901 3497 insisterem.
931 3432 1004 3493 Nam
1021 3433 1113 3494 eeteri
1126 3430 1205 3508 lere,
