<?xml version="1.0" encoding="UTF-8"?>
<!DOCTYPE html PUBLIC "-//W3C//DTD XHTML 1.0 Transitional//EN"
    "http://www.w3.org/TR/xhtml1/DTD/xhtml1-transitional.dtd">
<html xmlns="http://www.w3.org/1999/xhtml" xml:lang="en" lang="en">
 <head>
  <title>
</title>
<meta http-equiv="Content-Type" content="text/html;charset=utf-8" />
  <meta name='ocr-system' content='tesseract 3.04.00' />
  <meta name='ocr-capabilities' content='ocr_page ocr_carea ocr_par ocr_line ocrx_word'/>
</head>
<body>
  <div class='ocr_page' id='page_1' title='image "./mfabiiquintilia19quingoog_0209.png"; bbox 0 0 2608 3948; ppageno 0'>
   <div class='ocr_carea' id='block_1_1' title="bbox 215 193 896 268">
    <p class='ocr_par' dir='ltr' id='par_1_1' title="bbox 215 193 896 268">
     <span class='ocr_line' id='line_1_1' title="bbox 215 193 896 268; baseline -0.003 -10"><span class='ocrx_word' id='word_1_1' title='bbox 215 193 275 258; x_wconf 88' lang='lat'><strong>188</strong></span> <span class='ocrx_word' id='word_1_2' title='bbox 535 208 896 268; x_wconf 79' lang='lat' dir='ltr'><strong>u.nns.ou1un1n1nn1</strong></span> 
     </span>
    </p>
   </div>
   <div class='ocr_carea' id='block_1_2' title="bbox 104 362 1286 3539">
    <p class='ocr_par' dir='ltr' id='par_1_2' title="bbox 181 362 1221 695">
     <span class='ocr_line' id='line_1_2' title="bbox 212 362 1220 448; baseline 0.003 -22"><span class='ocrx_word' id='word_1_3' title='bbox 212 363 315 426; x_wconf 83' lang='lat' dir='ltr'>ordine</span> <span class='ocrx_word' id='word_1_4' title='bbox 331 373 485 442; x_wconf 86' lang='lat' dir='ltr'><strong>appareat;</strong></span> <span class='ocrx_word' id='word_1_5' title='bbox 507 365 573 424; x_wconf 90' lang='lat' dir='ltr'><strong>atsi</strong></span> <span class='ocrx_word' id='word_1_6' title='bbox 589 381 674 422; x_wconf 91' lang='lat' dir='ltr'><strong>unum</strong></span> <span class='ocrx_word' id='word_1_7' title='bbox 688 365 795 426; x_wconf 82' lang='lat' dir='ltr'><strong>crimen</strong></span> <span class='ocrx_word' id='word_1_8' title='bbox 807 363 888 424; x_wconf 89' lang='lat' dir='ltr'><strong>varie</strong></span> <span class='ocrx_word' id='word_1_9' title='bbox 899 362 1099 443; x_wconf 74' lang='lat' dir='ltr'><strong>defendemus,</strong></span> <span class='ocrx_word' id='word_1_10' title='bbox 1114 383 1220 448; x_wconf 84' lang='lat' dir='ltr'><strong>super·</strong></span> 
     </span>
     <span class='ocr_line' id='line_1_3' title="bbox 181 445 1221 530; baseline 0.006 -22"><span class='ocrx_word' id='word_1_11' title='bbox 181 459 313 517; x_wconf 69' lang='lat' dir='ltr'><strong>evacua.</strong></span> <span class='ocrx_word' id='word_1_12' title='bbox 356 445 394 508; x_wconf 89' lang='lat' dir='ltr'><strong>Ut</strong></span> <span class='ocrx_word' id='word_1_13' title='bbox 412 449 437 508; x_wconf 88' lang='lat' dir='ltr'><strong>si</strong></span> <span class='ocrx_word' id='word_1_14' title='bbox 457 447 507 508; x_wconf 91' lang='lat' dir='ltr'><strong>illa</strong></span> <span class='ocrx_word' id='word_1_15' title='bbox 526 448 695 526; x_wconf 79' lang='lat' dir='ltr'><strong>partiamur,</strong></span> <span class='ocrx_word' id='word_1_16' title='bbox 714 446 836 523; x_wconf 81' lang='lat' dir='ltr'><em>Dicam,</em></span> <span class='ocrx_word' id='word_1_17' title='bbox 858 466 918 510; x_wconf 84' lang='lat' dir='ltr'><strong>non</strong></span> <span class='ocrx_word' id='word_1_18' title='bbox 937 451 1027 510; x_wconf 86' lang='lat' dir='ltr'><strong>telem</strong></span> <span class='ocrx_word' id='word_1_19' title='bbox 1045 467 1112 512; x_wconf 80' lang='lat' dir='ltr'><strong>csse</strong></span> <span class='ocrx_word' id='word_1_20' title='bbox 1124 451 1221 530; x_wconf 82' lang='lat' dir='ltr'><strong>bunc,</strong></span> 
     </span>
     <span class='ocr_line' id='line_1_4' title="bbox 212 529 1219 613; baseline 0.004 -21"><span class='ocrx_word' id='word_1_21' title='bbox 212 549 301 612; x_wconf 79' lang='lat' dir='ltr'><strong>quem</strong></span> <span class='ocrx_word' id='word_1_22' title='bbox 323 539 419 610; x_wconf 85' lang='lat' dir='ltr'><strong>tacor,</strong></span> <span class='ocrx_word' id='word_1_23' title='bbox 440 550 538 606; x_wconf 85' lang='lat' dir='ltr'><strong>reum,</strong></span> <span class='ocrx_word' id='word_1_24' title='bbox 553 539 587 590; x_wconf 86' lang='lat' dir='ltr'><strong>et</strong></span> <span class='ocrx_word' id='word_1_25' title='bbox 606 532 639 591; x_wconf 84' lang='lat' dir='ltr'><strong>lo</strong></span> <span class='ocrx_word' id='word_1_26' title='bbox 661 550 697 593; x_wconf 84' lang='lat' dir='ltr'><strong>eo</strong></span> <span class='ocrx_word' id='word_1_27' title='bbox 718 529 865 593; x_wconf 75' lang='lat' dir='ltr'><strong>credibile</strong></span> <span class='ocrx_word' id='word_1_28' title='bbox 883 531 986 594; x_wconf 80' lang='lat' dir='ltr'><strong>videri</strong></span> <span class='ocrx_word' id='word_1_29' title='bbox 1003 534 1103 613; x_wconf 81' lang='lat' dir='ltr'><strong>possit</strong></span> <span class='ocrx_word' id='word_1_30' title='bbox 1124 535 1219 596; x_wconf 81' lang='lat' dir='ltr'><strong>bomi-</strong></span> 
     </span>
     <span class='ocr_line' id='line_1_5' title="bbox 212 615 1220 695; baseline 0.002 -17"><span class='ocrx_word' id='word_1_31' title='bbox 212 617 345 688; x_wconf 70' lang='lat' dir='ltr'><strong>oa’diom5</strong></span> <span class='ocrx_word' id='word_1_32' title='bbox 373 616 492 692; x_wconf 78' lang='lat' dir='ltr'><strong>dicem,</strong></span> <span class='ocrx_word' id='word_1_33' title='bbox 519 615 684 676; x_wconf 79' lang='lat' dir='ltr'><strong>occidendi</strong></span> <span class='ocrx_word' id='word_1_34' title='bbox 708 633 835 677; x_wconf 83' lang='lat' dir='ltr'><strong>oausam</strong></span> <span class='ocrx_word' id='word_1_35' title='bbox 857 615 928 677; x_wconf 80' lang='lat' dir='ltr'><strong>talc</strong></span> <span class='ocrx_word' id='word_1_36' title='bbox 945 635 1009 677; x_wconf 84' lang='lat' dir='ltr'><strong>non</strong></span> <span class='ocrx_word' id='word_1_37' title='bbox 1027 616 1145 695; x_wconf 67' lang='grc' dir='ltr'><strong>[εἰεεες</strong></span> <span class='ocrx_word' id='word_1_38' title='bbox 1168 620 1220 680; x_wconf 81' lang='lat' dir='ltr'><strong>di·</strong></span> 
     </span>
    </p>

    <p class='ocr_par' dir='ltr' id='par_1_3' title="bbox 165 699 1222 2034">
     <span class='ocr_line' id='line_1_6' title="bbox 187 699 1222 778; baseline 0.001 -16"><span class='ocrx_word' id='word_1_39' title='bbox 187 761 190 772; x_wconf 76' lang='grc'><em>,</em></span> <span class='ocrx_word' id='word_1_40' title='bbox 212 719 293 776; x_wconf 88' lang='lat' dir='ltr'><strong>com,</strong></span> <span class='ocrx_word' id='word_1_41' title='bbox 315 700 397 761; x_wconf 83' lang='lat' dir='ltr'><strong>bueo</strong></span> <span class='ocrx_word' id='word_1_42' title='bbox 417 717 453 760; x_wconf 89' lang='lat' dir='ltr'><strong>co</strong></span> <span class='ocrx_word' id='word_1_43' title='bbox 472 707 618 776; x_wconf 87' lang='lat' dir='ltr'><strong>tempore,</strong></span> <span class='ocrx_word' id='word_1_44' title='bbox 640 715 699 778; x_wconf 79' lang='lat' dir='ltr'><strong>quo</strong></span> <span class='ocrx_word' id='word_1_45' title='bbox 713 699 798 760; x_wconf 85' lang='lat' dir='ltr'><strong>bomo</strong></span> <span class='ocrx_word' id='word_1_46' title='bbox 812 700 934 760; x_wconf 78' lang='lat' dir='ltr'><strong>occisos</strong></span> <span class='ocrx_word' id='word_1_47' title='bbox 948 707 1004 777; x_wconf 89' lang='lat' dir='ltr'><strong>est,</strong></span> <span class='ocrx_word' id='word_1_48' title='bbox 1025 709 1222 764; x_wconf 81' lang='lat' dir='ltr'><strong>transmare</strong></span> 
     </span>
     <span class='ocr_line' id='line_1_7' title="bbox 210 780 1217 864; baseline 0.001 -19"><span class='ocrx_word' id='word_1_49' title='bbox 210 785 323 863; x_wconf 78' lang='lat' dir='ltr'><strong>foisse:</strong></span> <span class='ocrx_word' id='word_1_50' title='bbox 346 783 455 858; x_wconf 88' lang='lat' dir='ltr'><strong>omnia,</strong></span> <span class='ocrx_word' id='word_1_51' title='bbox 478 799 553 861; x_wconf 86' lang='lat' dir='ltr'><strong>qnae</strong></span> <span class='ocrx_word' id='word_1_52' title='bbox 568 791 633 842; x_wconf 89' lang='lat' dir='ltr'><strong>ante</strong></span> <span class='ocrx_word' id='word_1_53' title='bbox 649 782 695 858; x_wconf 90' lang='lat' dir='ltr'><strong>id,</strong></span> <span class='ocrx_word' id='word_1_54' title='bbox 722 782 799 862; x_wconf 89' lang='lat' dir='ltr'><strong>quod</strong></span> <span class='ocrx_word' id='word_1_55' title='bbox 814 780 940 842; x_wconf 89' lang='lat' dir='ltr'><strong>ultimum</strong></span> <span class='ocrx_word' id='word_1_56' title='bbox 962 792 1023 860; x_wconf 90' lang='lat' dir='ltr'><strong>est,</strong></span> <span class='ocrx_word' id='word_1_57' title='bbox 1046 787 1217 864; x_wconf 84' lang='lat' dir='ltr'><strong>exequeris,</strong></span> 
     </span>
     <span class='ocr_line' id='line_1_8' title="bbox 169 865 1221 949; baseline 0.003 -22"><span class='ocrx_word' id='word_1_58' title='bbox 169 868 305 935; x_wconf 79' lang='lat' dir='ltr'><strong>toinania</strong></span> <span class='ocrx_word' id='word_1_59' title='bbox 320 865 413 926; x_wconf 85' lang='lat' dir='ltr'><strong>videri</strong></span> <span class='ocrx_word' id='word_1_60' title='bbox 433 883 558 926; x_wconf 86' lang='lat' dir='ltr'><strong>necesse</strong></span> <span class='ocrx_word' id='word_1_61' title='bbox 581 874 635 926; x_wconf 90' lang='grc' dir='ltr'><strong>εει.</strong></span> <span class='ocrx_word' id='word_1_62' title='bbox 673 865 803 926; x_wconf 77' lang='lat' dir='ltr'><strong>Festinat</strong></span> <span class='ocrx_word' id='word_1_63' title='bbox 818 867 893 926; x_wconf 92' lang='lat' dir='ltr'><strong>enim</strong></span> <span class='ocrx_word' id='word_1_64' title='bbox 910 866 998 928; x_wconf 83' lang='lat' dir='ltr'><strong>iudex</strong></span> <span class='ocrx_word' id='word_1_65' title='bbox 1017 867 1113 945; x_wconf 89' lang='lat' dir='ltr'><strong>adid,</strong></span> <span class='ocrx_word' id='word_1_66' title='bbox 1137 870 1221 949; x_wconf 84' lang='lat' dir='ltr'><strong>quod</strong></span> 
     </span>
     <span class='ocr_line' id='line_1_9' title="bbox 210 949 1218 1030; baseline 0.005 -21"><span class='ocrx_word' id='word_1_67' title='bbox 210 951 441 1029; x_wconf 89' lang='lat' dir='ltr'><strong>potentissimum</strong></span> <span class='ocrx_word' id='word_1_68' title='bbox 462 959 523 1027; x_wconf 87' lang='lat' dir='ltr'><strong>est,</strong></span> <span class='ocrx_word' id='word_1_69' title='bbox 552 958 585 1014; x_wconf 85' lang='lat' dir='ltr'><strong>et</strong></span> <span class='ocrx_word' id='word_1_70' title='bbox 602 949 682 1010; x_wconf 90' lang='lat' dir='ltr'><strong>velut</strong></span> <span class='ocrx_word' id='word_1_71' title='bbox 705 949 865 1027; x_wconf 80' lang='lat' dir='ltr'><strong>obligatum</strong></span> <span class='ocrx_word' id='word_1_72' title='bbox 884 953 1030 1029; x_wconf 88' lang='lat' dir='ltr'><strong>promisso</strong></span> <span class='ocrx_word' id='word_1_73' title='bbox 1052 961 1218 1030; x_wconf 88' lang='lat' dir='ltr'><strong>patronum,</strong></span> 
     </span>
     <span class='ocr_line' id='line_1_10' title="bbox 211 1033 1220 1114; baseline 0.004 -22"><span class='ocrx_word' id='word_1_74' title='bbox 211 1035 235 1092; x_wconf 89' lang='lat' dir='ltr'><strong>si</strong></span> <span class='ocrx_word' id='word_1_75' title='bbox 261 1043 306 1094; x_wconf 89' lang='lat' dir='ltr'><strong>est</strong></span> <span class='ocrx_word' id='word_1_76' title='bbox 326 1034 498 1112; x_wconf 73' lang='lat' dir='ltr'><strong>patientior,</strong></span> <span class='ocrx_word' id='word_1_77' title='bbox 521 1034 625 1093; x_wconf 90' lang='lat' dir='ltr'><strong>tacitus</strong></span> <span class='ocrx_word' id='word_1_78' title='bbox 648 1033 793 1111; x_wconf 89' lang='lat' dir='ltr'><strong>appellat;</strong></span> <span class='ocrx_word' id='word_1_79' title='bbox 822 1035 847 1092; x_wconf 92' lang='lat' dir='ltr'><strong>si</strong></span> <span class='ocrx_word' id='word_1_80' title='bbox 867 1033 917 1093; x_wconf 89' lang='lat' dir='ltr'><strong>vel</strong></span> <span class='ocrx_word' id='word_1_81' title='bbox 938 1044 1097 1114; x_wconf 89' lang='lat' dir='ltr'><strong>occupatus</strong></span> <span class='ocrx_word' id='word_1_82' title='bbox 1118 1037 1169 1096; x_wconf 88' lang='lat' dir='ltr'><strong>vel</strong></span> <span class='ocrx_word' id='word_1_83' title='bbox 1188 1039 1220 1097; x_wconf 87' lang='lat' dir='ltr'><strong>in</strong></span> 
     </span>
     <span class='ocr_line' id='line_1_11' title="bbox 210 1116 1217 1197; baseline 0.003 -20"><span class='ocrx_word' id='word_1_84' title='bbox 210 1116 306 1197; x_wconf 86' lang='lat' dir='ltr'><strong>aliqua</strong></span> <span class='ocrx_word' id='word_1_85' title='bbox 321 1125 468 1196; x_wconf 80' lang='lat' dir='ltr'><strong>potestate</strong></span> <span class='ocrx_word' id='word_1_86' title='bbox 483 1116 533 1178; x_wconf 88' lang='lat' dir='ltr'><strong>vel</strong></span> <span class='ocrx_word' id='word_1_87' title='bbox 551 1118 637 1178; x_wconf 89' lang='lat' dir='ltr'><strong>etiarn</strong></span> <span class='ocrx_word' id='word_1_88' title='bbox 652 1119 677 1177; x_wconf 89' lang='lat' dir='ltr'><strong>si</strong></span> <span class='ocrx_word' id='word_1_89' title='bbox 692 1116 819 1177; x_wconf 91' lang='lat' dir='ltr'><strong>moribus</strong></span> <span class='ocrx_word' id='word_1_90' title='bbox 833 1118 1053 1196; x_wconf 90' lang='lat' dir='ltr'><strong>incompositus,</strong></span> <span class='ocrx_word' id='word_1_91' title='bbox 1071 1137 1135 1179; x_wconf 92' lang='lat' dir='ltr'><strong>cum</strong></span> <span class='ocrx_word' id='word_1_92' title='bbox 1146 1137 1217 1180; x_wconf 92' lang='lat' dir='ltr'><strong>con·</strong></span> 
     </span>
     <span class='ocr_line' id='line_1_12' title="bbox 168 1198 1218 1281; baseline 0.004 -21"><span class='ocrx_word' id='word_1_93' title='bbox 168 1215 200 1272; x_wconf 87' lang='lat'><strong>11</strong></span> <span class='ocrx_word' id='word_1_94' title='bbox 209 1202 286 1262; x_wconf 89' lang='lat' dir='ltr'><strong>vicio</strong></span> <span class='ocrx_word' id='word_1_95' title='bbox 309 1199 459 1278; x_wconf 81' lang='lat' dir='ltr'><strong>efflagitat.</strong></span> <span class='ocrx_word' id='word_1_96' title='bbox 497 1201 598 1281; x_wconf 90' lang='lat' dir='ltr'><strong>ltaque</strong></span> <span class='ocrx_word' id='word_1_97' title='bbox 619 1218 677 1261; x_wconf 91' lang='lat' dir='ltr'><strong>non</strong></span> <span class='ocrx_word' id='word_1_98' title='bbox 696 1200 864 1276; x_wconf 87' lang='lat' dir='ltr'><strong>defuerunt,</strong></span> <span class='ocrx_word' id='word_1_99' title='bbox 895 1202 943 1278; x_wconf 88' lang='lat' dir='ltr'><strong>qui</strong></span> <span class='ocrx_word' id='word_1_100' title='bbox 964 1198 1115 1262; x_wconf 82' lang='lat' dir='ltr'><strong>Ciceronis</strong></span> <span class='ocrx_word' id='word_1_101' title='bbox 1136 1203 1218 1264; x_wconf 86' lang='lat' dir='ltr'><strong>illam</strong></span> 
     </span>
     <span class='ocr_line' id='line_1_13' title="bbox 209 1283 1218 1364; baseline 0.003 -20"><span class='ocrx_word' id='word_1_102' title='bbox 209 1302 264 1363; x_wconf 95' lang='lat' dir='ltr'><strong>pro</strong></span> <span class='ocrx_word' id='word_1_103' title='bbox 280 1283 414 1346; x_wconf 84' lang='lat' dir='ltr'><strong>cluentio</strong></span> <span class='ocrx_word' id='word_1_104' title='bbox 430 1287 612 1364; x_wconf 88' lang='lat' dir='ltr'><strong>partitionem</strong></span> <span class='ocrx_word' id='word_1_105' title='bbox 626 1284 840 1363; x_wconf 84' lang='lat' dir='ltr'><strong>improbarent,</strong></span> <span class='ocrx_word' id='word_1_106' title='bbox 863 1301 919 1362; x_wconf 88' lang='lat' dir='ltr'><strong>qna</strong></span> <span class='ocrx_word' id='word_1_107' title='bbox 939 1302 974 1343; x_wconf 87' lang='lat' dir='ltr'><strong>se</strong></span> <span class='ocrx_word' id='word_1_108' title='bbox 989 1285 1130 1346; x_wconf 89' lang='lat' dir='ltr'><strong>dicturum</strong></span> <span class='ocrx_word' id='word_1_109' title='bbox 1147 1305 1218 1347; x_wconf 88' lang='lat' dir='ltr'><strong>esse</strong></span> 
     </span>
     <span class='ocr_line' id='line_1_14' title="bbox 209 1369 1215 1449; baseline 0.006 -21"><span class='ocrx_word' id='word_1_110' title='bbox 209 1371 340 1448; x_wconf 84' lang='lat' dir='ltr'><strong>promisit</strong></span> <span class='ocrx_word' id='word_1_111' title='bbox 350 1370 495 1447; x_wconf 77' lang='lat' dir='ltr'><strong>primam,</strong></span> <span class='ocrx_word' id='word_1_112' title='bbox 516 1370 665 1431; x_wconf 81' lang='lat' dir='ltr'><strong>neminem</strong></span> <span class='ocrx_word' id='word_1_113' title='bbox 687 1369 853 1430; x_wconf 79' lang='lat' dir='ltr'><strong>maioribus</strong></span> <span class='ocrx_word' id='word_1_114' title='bbox 875 1369 1069 1446; x_wconf 78' lang='lat' dir='ltr'><strong>criminibus,</strong></span> <span class='ocrx_word' id='word_1_115' title='bbox 1089 1372 1215 1449; x_wconf 76' lang='lat' dir='ltr'><strong>praeto</strong></span> 
     </span>
     <span class='ocr_line' id='line_1_15' title="bbox 208 1450 1217 1532; baseline 0.004 -20"><span class='ocrx_word' id='word_1_116' title='bbox 208 1453 296 1513; x_wconf 76' lang='lat' dir='ltr'><strong>albas</strong></span> <span class='ocrx_word' id='word_1_117' title='bbox 321 1453 461 1527; x_wconf 82' lang='lat' dir='ltr'><strong>testibus,</strong></span> <span class='ocrx_word' id='word_1_118' title='bbox 489 1453 521 1512; x_wconf 81' lang='lat' dir='ltr'><strong>la</strong></span> <span class='ocrx_word' id='word_1_119' title='bbox 540 1453 689 1514; x_wconf 78' lang='lat' dir='ltr'><strong>iudicium</strong></span> <span class='ocrx_word' id='word_1_120' title='bbox 711 1459 854 1514; x_wconf 84' lang='lat' dir='ltr'><strong>vocatum</strong></span> <span class='ocrx_word' id='word_1_121' title='bbox 875 1467 966 1530; x_wconf 79' lang='lat' dir='ltr'><strong>quam</strong></span> <span class='ocrx_word' id='word_1_122' title='bbox 991 1450 1197 1532; x_wconf 80' lang='lat' dir='ltr'><strong>Oppianicum</strong></span> <span class='ocrx_word' id='word_1_123' title='bbox 1202 1477 1217 1525; x_wconf 88' lang='lat'><strong>,·</strong></span> 
     </span>
     <span class='ocr_line' id='line_1_16' title="bbox 211 1535 1216 1617; baseline 0.004 -21"><span class='ocrx_word' id='word_1_124' title='bbox 211 1536 333 1611; x_wconf 83' lang='lat' dir='ltr'><strong>deinde,</strong></span> <span class='ocrx_word' id='word_1_125' title='bbox 353 1535 553 1613; x_wconf 79' lang='lat' dir='ltr'><strong>praeiudicio</strong></span> <span class='ocrx_word' id='word_1_126' title='bbox 575 1554 642 1596; x_wconf 84' lang='lat' dir='ltr'><strong>esse</strong></span> <span class='ocrx_word' id='word_1_127' title='bbox 659 1536 747 1615; x_wconf 82' lang='lat' dir='ltr'><strong>secto</strong></span> <span class='ocrx_word' id='word_1_128' title='bbox 769 1535 809 1596; x_wconf 85' lang='lat' dir='ltr'><strong>ob</strong></span> <span class='ocrx_word' id='word_1_129' title='bbox 824 1537 901 1614; x_wconf 78' lang='lat' dir='ltr'><strong>ipsis</strong></span> <span class='ocrx_word' id='word_1_130' title='bbox 918 1536 1084 1615; x_wconf 84' lang='lat' dir='ltr'><strong>t&#39;edt&#39;olbas,</strong></span> <span class='ocrx_word' id='word_1_131' title='bbox 1107 1556 1129 1600; x_wconf 87' lang='lat' dir='ltr'><strong>o</strong></span> <span class='ocrx_word' id='word_1_132' title='bbox 1150 1541 1216 1617; x_wconf 83' lang='lat' dir='ltr'><strong>qai·</strong></span> 
     </span>
     <span class='ocr_line' id='line_1_17' title="bbox 210 1618 1217 1700; baseline 0.004 -20"><span class='ocrx_word' id='word_1_133' title='bbox 210 1618 267 1680; x_wconf 77' lang='lat' dir='ltr'><strong>bes</strong></span> <span class='ocrx_word' id='word_1_134' title='bbox 289 1620 509 1680; x_wconf 82' lang='lat' dir='ltr'><strong>condemnatos</strong></span> <span class='ocrx_word' id='word_1_135' title='bbox 532 1621 590 1689; x_wconf 68' lang='lat' dir='ltr'><strong>tib·</strong></span> <span class='ocrx_word' id='word_1_136' title='bbox 608 1627 778 1697; x_wconf 86' lang='lat' dir='ltr'><strong>postremo,</strong></span> <span class='ocrx_word' id='word_1_137' title='bbox 806 1620 955 1682; x_wconf 77' lang='lat' dir='ltr'><strong>iodicium</strong></span> <span class='ocrx_word' id='word_1_138' title='bbox 980 1623 1115 1700; x_wconf 80' lang='lat' dir='ltr'><strong>pecunia</strong></span> <span class='ocrx_word' id='word_1_139' title='bbox 1144 1632 1217 1684; x_wconf 91' lang='lat' dir='ltr'><strong>tem·</strong></span> 
     </span>
     <span class='ocr_line' id='line_1_18' title="bbox 205 1699 1217 1784; baseline 0.002 -21"><span class='ocrx_word' id='word_1_140' title='bbox 205 1709 326 1782; x_wconf 83' lang='lat' dir='ltr'><strong>pletum</strong></span> <span class='ocrx_word' id='word_1_141' title='bbox 346 1722 406 1763; x_wconf 84' lang='lat' dir='ltr'><strong>noo</strong></span> <span class='ocrx_word' id='word_1_142' title='bbox 424 1721 484 1781; x_wconf 82' lang='lat' dir='ltr'><strong>pro</strong></span> <span class='ocrx_word' id='word_1_143' title='bbox 507 1699 644 1764; x_wconf 82' lang='lat' dir='ltr'><strong>Cluentio</strong></span> <span class='ocrx_word' id='word_1_144' title='bbox 663 1704 720 1764; x_wconf 83' lang='lat' dir='ltr'><strong>sed</strong></span> <span class='ocrx_word' id='word_1_145' title='bbox 741 1710 849 1764; x_wconf 82' lang='lat' dir='ltr'><strong>contro</strong></span> <span class='ocrx_word' id='word_1_146' title='bbox 874 1701 1066 1775; x_wconf 62' lang='lat' dir='ltr'><strong>Clamarem</strong></span> <span class='ocrx_word' id='word_1_147' title='bbox 1088 1707 1172 1784; x_wconf 90' lang='lat' dir='ltr'><strong>quia,</strong></span> <span class='ocrx_word' id='word_1_148' title='bbox 1192 1707 1217 1765; x_wconf 89' lang='lat' dir='ltr'><strong>si</strong></span> 
     </span>
     <span class='ocr_line' id='line_1_19' title="bbox 209 1785 1216 1866; baseline 0.005 -22"><span class='ocrx_word' id='word_1_149' title='bbox 209 1785 328 1864; x_wconf 90' lang='lat' dir='ltr'><strong>probari</strong></span> <span class='ocrx_word' id='word_1_150' title='bbox 344 1795 465 1866; x_wconf 89' lang='lat' dir='ltr'><strong>posset,</strong></span> <span class='ocrx_word' id='word_1_151' title='bbox 483 1786 559 1864; x_wconf 87' lang='lat' dir='ltr'><strong>quod</strong></span> <span class='ocrx_word' id='word_1_152' title='bbox 576 1795 621 1846; x_wconf 89' lang='lat' dir='ltr'><strong>est</strong></span> <span class='ocrx_word' id='word_1_153' title='bbox 636 1787 761 1862; x_wconf 84' lang='lat' dir='ltr'><strong>tertium,</strong></span> <span class='ocrx_word' id='word_1_154' title='bbox 780 1785 849 1846; x_wconf 91' lang='lat' dir='ltr'><strong>nibil</strong></span> <span class='ocrx_word' id='word_1_155' title='bbox 866 1804 991 1847; x_wconf 87' lang='lat' dir='ltr'><strong>necesse</strong></span> <span class='ocrx_word' id='word_1_156' title='bbox 1008 1788 1095 1849; x_wconf 90' lang='lat' dir='ltr'><strong>luerit</strong></span> <span class='ocrx_word' id='word_1_157' title='bbox 1114 1789 1216 1849; x_wconf 87' lang='lat' dir='ltr'><strong>dicere</strong></span> 
     </span>
     <span class='ocr_line' id='line_1_20' title="bbox 165 1870 1215 1953; baseline 0.006 -25"><span class='ocrx_word' id='word_1_158' title='bbox 165 1871 316 1949; x_wconf 71' lang='lat' dir='ltr'><strong>popriora.</strong></span> <span class='ocrx_word' id='word_1_159' title='bbox 353 1870 464 1930; x_wconf 87' lang='lat' dir='ltr'><strong>Rursus</strong></span> <span class='ocrx_word' id='word_1_160' title='bbox 483 1887 567 1930; x_wconf 90' lang='lat' dir='ltr'><strong>nemo</strong></span> <span class='ocrx_word' id='word_1_161' title='bbox 584 1881 639 1930; x_wconf 87' lang='lat' dir='ltr'><strong>tam</strong></span> <span class='ocrx_word' id='word_1_162' title='bbox 656 1872 710 1930; x_wconf 91' lang='lat' dir='ltr'><strong>erit</strong></span> <span class='ocrx_word' id='word_1_163' title='bbox 728 1871 848 1930; x_wconf 89' lang='lat' dir='ltr'><strong>iniustus</strong></span> <span class='ocrx_word' id='word_1_164' title='bbox 865 1878 913 1929; x_wconf 90' lang='lat' dir='ltr'><strong>ant</strong></span> <span class='ocrx_word' id='word_1_165' title='bbox 930 1871 1046 1948; x_wconf 89' lang='lat' dir='ltr'><strong>stultus,</strong></span> <span class='ocrx_word' id='word_1_166' title='bbox 1063 1875 1132 1953; x_wconf 86' lang='lat' dir='ltr'><strong>quin</strong></span> <span class='ocrx_word' id='word_1_167' title='bbox 1150 1891 1215 1936; x_wconf 84' lang='lat' dir='ltr'><strong>eum</strong></span> 
     </span>
     <span class='ocr_line' id='line_1_21' title="bbox 208 1951 1214 2034; baseline 0.005 -21"><span class='ocrx_word' id='word_1_168' title='bbox 208 1953 334 2015; x_wconf 81' lang='lat' dir='ltr'><strong>fateatur</strong></span> <span class='ocrx_word' id='word_1_169' title='bbox 346 1957 454 2033; x_wconf 89' lang='lat' dir='ltr'><strong>optime</strong></span> <span class='ocrx_word' id='word_1_170' title='bbox 470 1971 524 2032; x_wconf 87' lang='lat' dir='ltr'><strong>pro</strong></span> <span class='ocrx_word' id='word_1_171' title='bbox 537 1951 657 2014; x_wconf 87' lang='lat' dir='ltr'><strong>Murena</strong></span> <span class='ocrx_word' id='word_1_172' title='bbox 672 1973 739 2014; x_wconf 89' lang='lat' dir='ltr'><strong>esse</strong></span> <span class='ocrx_word' id='word_1_173' title='bbox 751 1955 900 2032; x_wconf 87' lang='lat' dir='ltr'><strong>partitum:</strong></span> <span class='ocrx_word' id='word_1_174' title='bbox 916 1953 1066 2034; x_wconf 76' lang='lat' dir='ltr'><strong>Intellipo,</strong></span> <span class='ocrx_word' id='word_1_175' title='bbox 1081 1958 1214 2034; x_wconf 76' lang='lat' dir='ltr'><strong>lodices,</strong></span> 
     </span>
    </p>

    <p class='ocr_par' dir='ltr' id='par_1_4' title="bbox 141 2039 1217 2953">
     <span class='ocr_line' id='line_1_22' title="bbox 141 2039 1214 2116; baseline 0.002 -18"><span class='ocrx_word' id='word_1_176' title='bbox 141 2067 146 2076; x_wconf 90' lang='lat'><strong>·</strong></span> <span class='ocrx_word' id='word_1_177' title='bbox 208 2040 265 2098; x_wconf 78' lang='lat' dir='ltr'><strong>tris</strong></span> <span class='ocrx_word' id='word_1_178' title='bbox 282 2041 372 2098; x_wconf 81' lang='lat' dir='ltr'><strong>totius</strong></span> <span class='ocrx_word' id='word_1_179' title='bbox 394 2040 603 2100; x_wconf 76' lang='lat' dir='ltr'><strong>accusationis</strong></span> <span class='ocrx_word' id='word_1_180' title='bbox 620 2039 719 2116; x_wconf 76' lang='lat' dir='ltr'><strong>soloce</strong></span> <span class='ocrx_word' id='word_1_181' title='bbox 735 2047 859 2115; x_wconf 83' lang='lat' dir='ltr'><strong>portes,</strong></span> <span class='ocrx_word' id='word_1_182' title='bbox 887 2046 916 2099; x_wconf 88' lang='lat' dir='ltr'><strong>et</strong></span> <span class='ocrx_word' id='word_1_183' title='bbox 938 2058 1045 2100; x_wconf 84' lang='lat' dir='ltr'><strong>eorem</strong></span> <span class='ocrx_word' id='word_1_184' title='bbox 1067 2058 1161 2100; x_wconf 81' lang='lat' dir='ltr'><strong>enam</strong></span> <span class='ocrx_word' id='word_1_185' title='bbox 1182 2042 1214 2101; x_wconf 82' lang='lat' dir='ltr'><strong>la</strong></span> 
     </span>
     <span class='ocr_line' id='line_1_23' title="bbox 207 2121 1213 2203; baseline 0.003 -24"><span class='ocrx_word' id='word_1_186' title='bbox 207 2122 447 2198; x_wconf 70' lang='lat' dir='ltr'><strong>reprehensione</strong></span> <span class='ocrx_word' id='word_1_187' title='bbox 459 2122 551 2196; x_wconf 84' lang='lat' dir='ltr'><strong>eltae,</strong></span> <span class='ocrx_word' id='word_1_188' title='bbox 567 2121 698 2184; x_wconf 83' lang='lat' dir='ltr'><strong>alteram</strong></span> <span class='ocrx_word' id='word_1_189' title='bbox 715 2123 747 2182; x_wconf 84' lang='lat' dir='ltr'><strong>ln</strong></span> <span class='ocrx_word' id='word_1_190' title='bbox 762 2123 949 2184; x_wconf 77' lang='lat' dir='ltr'><strong>contentione</strong></span> <span class='ocrx_word' id='word_1_191' title='bbox 965 2124 1134 2203; x_wconf 69' lang='lat' dir='ltr'><strong>depellatis,</strong></span> <span class='ocrx_word' id='word_1_192' title='bbox 1151 2131 1213 2185; x_wconf 88' lang='lat' dir='ltr'><strong>ter·</strong></span> 
     </span>
     <span class='ocr_line' id='line_1_24' title="bbox 208 2204 1215 2269; baseline 0.006 -6"><span class='ocrx_word' id='word_1_193' title='bbox 208 2204 281 2264; x_wconf 79' lang='lat' dir='ltr'><strong>elom</strong></span> <span class='ocrx_word' id='word_1_194' title='bbox 307 2205 339 2264; x_wconf 85' lang='lat' dir='ltr'><strong>ln</strong></span> <span class='ocrx_word' id='word_1_195' title='bbox 368 2204 548 2266; x_wconf 68' lang='lat' dir='ltr'><strong>clamitabas</strong></span> <span class='ocrx_word' id='word_1_196' title='bbox 569 2205 701 2265; x_wconf 83' lang='lat' dir='ltr'><strong>ambitos</strong></span> <span class='ocrx_word' id='word_1_197' title='bbox 727 2223 794 2266; x_wconf 82' lang='lat' dir='ltr'><strong>csse</strong></span> <span class='ocrx_word' id='word_1_198' title='bbox 820 2211 986 2268; x_wconf 84' lang='lat' dir='ltr'><strong>versatam.</strong></span> <span class='ocrx_word' id='word_1_199' title='bbox 1027 2206 1099 2267; x_wconf 87' lang='lat' dir='ltr'><strong>Nam</strong></span> <span class='ocrx_word' id='word_1_200' title='bbox 1119 2209 1162 2266; x_wconf 87' lang='lat' dir='ltr'><strong>sic</strong></span> <span class='ocrx_word' id='word_1_201' title='bbox 1185 2215 1215 2269; x_wconf 88' lang='lat' dir='ltr'><strong>et</strong></span> 
     </span>
     <span class='ocr_line' id='line_1_25' title="bbox 209 2286 1214 2370; baseline 0.003 -25"><span class='ocrx_word' id='word_1_202' title='bbox 209 2287 335 2346; x_wconf 85' lang='lat' dir='ltr'><strong>ostendit</strong></span> <span class='ocrx_word' id='word_1_203' title='bbox 351 2286 527 2347; x_wconf 87' lang='lat' dir='ltr'><strong>lucidissime</strong></span> <span class='ocrx_word' id='word_1_204' title='bbox 541 2305 656 2348; x_wconf 90' lang='lat' dir='ltr'><strong>causam</strong></span> <span class='ocrx_word' id='word_1_205' title='bbox 669 2296 697 2348; x_wconf 91' lang='lat' dir='ltr'><strong>et</strong></span> <span class='ocrx_word' id='word_1_206' title='bbox 714 2287 782 2348; x_wconf 88' lang='lat' dir='ltr'><strong>nihil</strong></span> <span class='ocrx_word' id='word_1_207' title='bbox 798 2287 868 2349; x_wconf 85' lang='lat' dir='ltr'><strong>lecit</strong></span> <span class='ocrx_word' id='word_1_208' title='bbox 881 2289 973 2350; x_wconf 91' lang='lat' dir='ltr'><strong>altero</strong></span> <span class='ocrx_word' id='word_1_209' title='bbox 989 2308 1214 2370; x_wconf 85' lang='lat' dir='ltr'><strong>supervacuum.</strong></span> 
     </span>
     <span class='ocr_line' id='line_1_26' title="bbox 165 2369 1217 2452; baseline 0 -18"><span class='ocrx_word' id='word_1_210' title='bbox 165 2379 199 2437; x_wconf 83' lang='grc'><strong>13</strong></span> <span class='ocrx_word' id='word_1_211' title='bbox 293 2369 339 2430; x_wconf 89' lang='lat' dir='ltr'><strong>De</strong></span> <span class='ocrx_word' id='word_1_212' title='bbox 356 2371 407 2430; x_wconf 89' lang='lat' dir='ltr'><strong>illo</strong></span> <span class='ocrx_word' id='word_1_213' title='bbox 420 2387 536 2450; x_wconf 89' lang='lat' dir='ltr'><strong>quoqne</strong></span> <span class='ocrx_word' id='word_1_214' title='bbox 548 2390 659 2449; x_wconf 83' lang='lat' dir='ltr'><strong>genere</strong></span> <span class='ocrx_word' id='word_1_215' title='bbox 671 2371 849 2433; x_wconf 80' lang='lat' dir='ltr'><strong>defensionis</strong></span> <span class='ocrx_word' id='word_1_216' title='bbox 862 2372 997 2452; x_wconf 87' lang='lat' dir='ltr'><strong>plerique</strong></span> <span class='ocrx_word' id='word_1_217' title='bbox 1015 2373 1158 2434; x_wconf 89' lang='lat' dir='ltr'><strong>dubitant:</strong></span> <span class='ocrx_word' id='word_1_218' title='bbox 1177 2373 1217 2435; x_wconf 81' lang='lat' dir='ltr'><strong>st</strong></span> 
     </span>
     <span class='ocr_line' id='line_1_27' title="bbox 206 2455 1216 2537; baseline 0 -19"><span class='ocrx_word' id='word_1_219' title='bbox 206 2457 324 2533; x_wconf 77' lang='lat' dir='ltr'><strong>occidi,</strong></span> <span class='ocrx_word' id='word_1_220' title='bbox 348 2463 432 2518; x_wconf 85' lang='lat' dir='ltr'><strong>recte</strong></span> <span class='ocrx_word' id='word_1_221' title='bbox 450 2456 532 2534; x_wconf 56' lang='lat' dir='ltr'><strong>fect}</strong></span> <span class='ocrx_word' id='word_1_222' title='bbox 554 2457 612 2518; x_wconf 85' lang='lat' dir='ltr'><strong>sed</strong></span> <span class='ocrx_word' id='word_1_223' title='bbox 631 2476 691 2518; x_wconf 85' lang='lat' dir='ltr'><strong>noa</strong></span> <span class='ocrx_word' id='word_1_224' title='bbox 711 2455 831 2526; x_wconf 54' lang='lat' dir='ltr'><strong>occide}</strong></span> <span class='ocrx_word' id='word_1_225' title='bbox 855 2473 911 2535; x_wconf 90' lang='lat' dir='ltr'><strong>quo</strong></span> <span class='ocrx_word' id='word_1_226' title='bbox 934 2459 1008 2518; x_wconf 92' lang='lat' dir='ltr'><strong>enim</strong></span> <span class='ocrx_word' id='word_1_227' title='bbox 1029 2460 1108 2537; x_wconf 88' lang='lat' dir='ltr'><strong>prius</strong></span> <span class='ocrx_word' id='word_1_228' title='bbox 1124 2459 1216 2537; x_wconf 90' lang='lat' dir='ltr'><strong>perti·</strong></span> 
     </span>
     <span class='ocr_line' id='line_1_28' title="bbox 207 2535 1213 2618; baseline 0.001 -18"><span class='ocrx_word' id='word_1_229' title='bbox 207 2557 290 2617; x_wconf 84' lang='lat' dir='ltr'><strong>nere,</strong></span> <span class='ocrx_word' id='word_1_230' title='bbox 308 2541 333 2600; x_wconf 90' lang='lat' dir='ltr'><strong>si</strong></span> <span class='ocrx_word' id='word_1_231' title='bbox 350 2557 477 2618; x_wconf 88' lang='lat' dir='ltr'><strong>sequens</strong></span> <span class='ocrx_word' id='word_1_232' title='bbox 494 2539 603 2600; x_wconf 88' lang='lat' dir='ltr'><strong>lirmum</strong></span> <span class='ocrx_word' id='word_1_233' title='bbox 620 2537 679 2600; x_wconf 82' lang='lat' dir='ltr'><strong>siti</strong></span> <span class='ocrx_word' id='word_1_234' title='bbox 702 2540 776 2600; x_wconf 89' lang='lat' dir='ltr'><strong>haec</strong></span> <span class='ocrx_word' id='word_1_235' title='bbox 791 2541 915 2600; x_wconf 61' lang='lat' dir='ltr'><strong>invicem,</strong></span> <span class='ocrx_word' id='word_1_236' title='bbox 929 2541 1063 2618; x_wconf 90' lang='lat' dir='ltr'><strong>obstare,</strong></span> <span class='ocrx_word' id='word_1_237' title='bbox 1090 2535 1119 2601; x_wconf 88' lang='lat' dir='ltr'><strong>et</strong></span> <span class='ocrx_word' id='word_1_238' title='bbox 1133 2550 1213 2601; x_wconf 89' lang='lat' dir='ltr'><strong>utro·</strong></span> 
     </span>
     <span class='ocr_line' id='line_1_29' title="bbox 209 2621 1215 2704; baseline 0.003 -21"><span class='ocrx_word' id='word_1_239' title='bbox 209 2641 266 2704; x_wconf 89' lang='lat' dir='ltr'><strong>qne</strong></span> <span class='ocrx_word' id='word_1_240' title='bbox 289 2623 434 2684; x_wconf 90' lang='lat' dir='ltr'><strong>utentibus</strong></span> <span class='ocrx_word' id='word_1_241' title='bbox 457 2625 486 2682; x_wconf 90' lang='lat' dir='ltr'><strong>in</strong></span> <span class='ocrx_word' id='word_1_242' title='bbox 504 2633 607 2685; x_wconf 86' lang='lat' dir='ltr'><strong>neutro</strong></span> <span class='ocrx_word' id='word_1_243' title='bbox 631 2622 732 2684; x_wconf 87' lang='lat' dir='ltr'><strong>baberi</strong></span> <span class='ocrx_word' id='word_1_244' title='bbox 747 2623 842 2684; x_wconf 90' lang='lat' dir='ltr'><strong>tidem.</strong></span> <span class='ocrx_word' id='word_1_245' title='bbox 880 2621 964 2698; x_wconf 82' lang='lat' dir='ltr'><strong>Quod</strong></span> <span class='ocrx_word' id='word_1_246' title='bbox 987 2643 1057 2686; x_wconf 88' lang='lat' dir='ltr'><strong>sane</strong></span> <span class='ocrx_word' id='word_1_247' title='bbox 1078 2626 1107 2684; x_wconf 90' lang='lat' dir='ltr'><strong>in</strong></span> <span class='ocrx_word' id='word_1_248' title='bbox 1129 2634 1215 2704; x_wconf 87' lang='lat' dir='ltr'><strong>parte</strong></span> 
     </span>
     <span class='ocr_line' id='line_1_30' title="bbox 207 2706 1216 2786; baseline 0.003 -20"><span class='ocrx_word' id='word_1_249' title='bbox 207 2726 308 2766; x_wconf 88' lang='lat' dir='ltr'><strong>verum</strong></span> <span class='ocrx_word' id='word_1_250' title='bbox 324 2717 379 2783; x_wconf 87' lang='lat' dir='ltr'><strong>est,</strong></span> <span class='ocrx_word' id='word_1_251' title='bbox 396 2717 426 2768; x_wconf 89' lang='lat' dir='ltr'><strong>et</strong></span> <span class='ocrx_word' id='word_1_252' title='bbox 443 2706 494 2766; x_wconf 92' lang='lat' dir='ltr'><strong>illo</strong></span> <span class='ocrx_word' id='word_1_253' title='bbox 511 2709 656 2786; x_wconf 88' lang='lat' dir='ltr'><strong>sequenti,</strong></span> <span class='ocrx_word' id='word_1_254' title='bbox 676 2708 798 2768; x_wconf 88' lang='lat' dir='ltr'><strong>simodo</strong></span> <span class='ocrx_word' id='word_1_255' title='bbox 811 2706 999 2768; x_wconf 87' lang='lat' dir='ltr'><strong>indubitabile</strong></span> <span class='ocrx_word' id='word_1_256' title='bbox 1018 2718 1073 2784; x_wconf 88' lang='lat' dir='ltr'><strong>est,</strong></span> <span class='ocrx_word' id='word_1_257' title='bbox 1090 2711 1127 2768; x_wconf 92' lang='lat' dir='ltr'><strong>sit</strong></span> <span class='ocrx_word' id='word_1_258' title='bbox 1146 2707 1216 2770; x_wconf 85' lang='lat' dir='ltr'><strong>solo</strong></span> 
     </span>
     <span class='ocr_line' id='line_1_31' title="bbox 165 2789 1213 2870; baseline -0.003 -15"><span class='ocrx_word' id='word_1_259' title='bbox 165 2790 350 2854; x_wconf 76' lang='lat' dir='ltr'><strong>ltutendum.</strong></span> <span class='ocrx_word' id='word_1_260' title='bbox 387 2789 425 2850; x_wconf 89' lang='grc' dir='ltr'><strong>Αι</strong></span> <span class='ocrx_word' id='word_1_261' title='bbox 448 2792 473 2849; x_wconf 91' lang='lat' dir='ltr'><strong>si</strong></span> <span class='ocrx_word' id='word_1_262' title='bbox 495 2790 563 2868; x_wconf 89' lang='lat' dir='ltr'><strong>quid</strong></span> <span class='ocrx_word' id='word_1_263' title='bbox 583 2793 612 2850; x_wconf 88' lang='lat' dir='ltr'><strong>in</strong></span> <span class='ocrx_word' id='word_1_264' title='bbox 634 2809 687 2870; x_wconf 91' lang='lat' dir='ltr'><strong>eo,</strong></span> <span class='ocrx_word' id='word_1_265' title='bbox 719 2790 795 2870; x_wconf 86' lang='lat' dir='ltr'><strong>quod</strong></span> <span class='ocrx_word' id='word_1_266' title='bbox 822 2800 867 2852; x_wconf 89' lang='grc' dir='ltr'><strong>εει</strong></span> <span class='ocrx_word' id='word_1_267' title='bbox 887 2791 1008 2868; x_wconf 89' lang='lat' dir='ltr'><strong>lortius,</strong></span> <span class='ocrx_word' id='word_1_268' title='bbox 1033 2791 1213 2852; x_wconf 88' lang='lat' dir='ltr'><strong>timebimus:</strong></span> 
     </span>
     <span class='ocr_line' id='line_1_32' title="bbox 208 2873 1215 2953; baseline 0.004 -21"><span class='ocrx_word' id='word_1_269' title='bbox 208 2881 331 2950; x_wconf 85' lang='lat' dir='ltr'><strong>utraque</strong></span> <span class='ocrx_word' id='word_1_270' title='bbox 351 2873 523 2951; x_wconf 88' lang='lat' dir='ltr'><strong>probatione</strong></span> <span class='ocrx_word' id='word_1_271' title='bbox 543 2875 676 2935; x_wconf 90' lang='lat' dir='ltr'><strong>nitemur.</strong></span> <span class='ocrx_word' id='word_1_272' title='bbox 713 2874 796 2935; x_wconf 83' lang='lat' dir='ltr'><strong>Alius</strong></span> <span class='ocrx_word' id='word_1_273' title='bbox 819 2875 894 2934; x_wconf 88' lang='lat' dir='ltr'><strong>enim</strong></span> <span class='ocrx_word' id='word_1_274' title='bbox 915 2875 972 2936; x_wconf 88' lang='lat' dir='ltr'><strong>alio</strong></span> <span class='ocrx_word' id='word_1_275' title='bbox 994 2877 1104 2938; x_wconf 84' lang='lat' dir='ltr'><strong>moveri</strong></span> <span class='ocrx_word' id='word_1_276' title='bbox 1122 2875 1215 2953; x_wconf 88' lang='lat' dir='ltr'><strong>solet,</strong></span> 
     </span>
    </p>

    <p class='ocr_par' dir='ltr' id='par_1_5' title="bbox 104 2951 1286 3372">
     <span class='ocr_line' id='line_1_33' title="bbox 104 2951 1286 3039; baseline 0.004 -24"><span class='ocrx_word' id='word_1_277' title='bbox 104 2951 105 2956; x_wconf 69' lang='grc'>’</span> <span class='ocrx_word' id='word_1_278' title='bbox 209 2966 239 3016; x_wconf 90' lang='grc' dir='ltr'><strong>ει</strong></span> <span class='ocrx_word' id='word_1_279' title='bbox 261 2958 308 3036; x_wconf 89' lang='lat' dir='ltr'><strong>qui</strong></span> <span class='ocrx_word' id='word_1_280' title='bbox 329 2956 434 3016; x_wconf 89' lang='lat' dir='ltr'><strong>lactum</strong></span> <span class='ocrx_word' id='word_1_281' title='bbox 456 2959 582 3035; x_wconf 85' lang='lat' dir='ltr'><strong>putavit,</strong></span> <span class='ocrx_word' id='word_1_282' title='bbox 605 2960 710 3019; x_wconf 89' lang='lat' dir='ltr'><strong>iustum</strong></span> <span class='ocrx_word' id='word_1_283' title='bbox 732 2959 854 3019; x_wconf 90' lang='lat' dir='ltr'><strong>eredere</strong></span> <span class='ocrx_word' id='word_1_284' title='bbox 874 2968 988 3036; x_wconf 91' lang='lat' dir='ltr'><strong>potest;</strong></span> <span class='ocrx_word' id='word_1_285' title='bbox 1012 2961 1059 3039; x_wconf 86' lang='lat' dir='ltr'><strong>qui</strong></span> <span class='ocrx_word' id='word_1_286' title='bbox 1077 2968 1215 3038; x_wconf 88' lang='lat' dir='ltr'><strong>tanquam</strong></span> <span class='ocrx_word' id='word_1_287' title='bbox 1285 3013 1286 3020; x_wconf 71' lang='grc'>,</span> 
     </span>
     <span class='ocr_line' id='line_1_34' title="bbox 208 3039 1214 3126; baseline 0.002 -25"><span class='ocrx_word' id='word_1_288' title='bbox 208 3042 285 3102; x_wconf 88' lang='lat' dir='ltr'><strong>iusto</strong></span> <span class='ocrx_word' id='word_1_289' title='bbox 301 3056 358 3100; x_wconf 92' lang='lat' dir='ltr'><strong>non</strong></span> <span class='ocrx_word' id='word_1_290' title='bbox 374 3039 553 3119; x_wconf 84' lang='lat' dir='ltr'><strong>movebitur,</strong></span> <span class='ocrx_word' id='word_1_291' title='bbox 579 3043 687 3103; x_wconf 89' lang='lat' dir='ltr'><strong>lactum</strong></span> <span class='ocrx_word' id='word_1_292' title='bbox 710 3042 837 3102; x_wconf 80' lang='lat' dir='ltr'><strong>tortasse</strong></span> <span class='ocrx_word' id='word_1_293' title='bbox 858 3059 916 3126; x_wconf 89' lang='lat' dir='ltr'><strong>non</strong></span> <span class='ocrx_word' id='word_1_294' title='bbox 938 3044 1049 3104; x_wconf 86' lang='lat' dir='ltr'><strong>credet.</strong></span> <span class='ocrx_word' id='word_1_295' title='bbox 1077 3042 1115 3104; x_wconf 91' lang='lat' dir='ltr'><strong>Ut</strong></span> <span class='ocrx_word' id='word_1_296' title='bbox 1131 3051 1214 3103; x_wconf 87' lang='lat' dir='ltr'><strong>certa</strong></span> 
     </span>
     <span class='ocr_line' id='line_1_35' title="bbox 208 3123 1214 3206; baseline -0.001 -20"><span class='ocrx_word' id='word_1_297' title='bbox 208 3143 307 3186; x_wconf 90' lang='lat' dir='ltr'><strong>manns</strong></span> <span class='ocrx_word' id='word_1_298' title='bbox 329 3141 386 3184; x_wconf 92' lang='lat' dir='ltr'><strong>uno</strong></span> <span class='ocrx_word' id='word_1_299' title='bbox 408 3123 469 3184; x_wconf 91' lang='lat' dir='ltr'><strong>telo</strong></span> <span class='ocrx_word' id='word_1_300' title='bbox 495 3128 588 3204; x_wconf 88' lang='lat' dir='ltr'><strong>possit</strong></span> <span class='ocrx_word' id='word_1_301' title='bbox 609 3145 677 3186; x_wconf 90' lang='lat' dir='ltr'><strong>esse</strong></span> <span class='ocrx_word' id='word_1_302' title='bbox 699 3133 852 3186; x_wconf 90' lang='lat' dir='ltr'><strong>contenta:</strong></span> <span class='ocrx_word' id='word_1_303' title='bbox 882 3127 993 3189; x_wconf 87' lang='lat' dir='ltr'><strong>incerta</strong></span> <span class='ocrx_word' id='word_1_304' title='bbox 1019 3126 1103 3206; x_wconf 90' lang='lat' dir='ltr'><strong>plora</strong></span> <span class='ocrx_word' id='word_1_305' title='bbox 1129 3143 1214 3206; x_wconf 87' lang='lat' dir='ltr'><strong>spar-</strong></span> 
     </span>
     <span class='ocr_line' id='line_1_36' title="bbox 167 3206 1214 3287; baseline 0 -17"><span class='ocrx_word' id='word_1_306' title='bbox 167 3209 303 3287; x_wconf 76' lang='lat' dir='ltr'><strong>lsgenda</strong></span> <span class='ocrx_word' id='word_1_307' title='bbox 323 3216 404 3286; x_wconf 91' lang='lat' dir='ltr'><strong>sunt,</strong></span> <span class='ocrx_word' id='word_1_308' title='bbox 426 3219 457 3268; x_wconf 89' lang='lat' dir='ltr'><strong>ut</strong></span> <span class='ocrx_word' id='word_1_309' title='bbox 478 3212 515 3269; x_wconf 90' lang='lat' dir='ltr'><strong>sit</strong></span> <span class='ocrx_word' id='word_1_310' title='bbox 531 3217 560 3268; x_wconf 91' lang='lat' dir='ltr'><strong>et</strong></span> <span class='ocrx_word' id='word_1_311' title='bbox 578 3210 711 3270; x_wconf 81' lang='lat' dir='ltr'><strong>fortunae</strong></span> <span class='ocrx_word' id='word_1_312' title='bbox 729 3208 823 3269; x_wconf 89' lang='lat' dir='ltr'><strong>locus.</strong></span> <span class='ocrx_word' id='word_1_313' title='bbox 861 3207 992 3287; x_wconf 81' lang='lat' dir='ltr'><strong>Egregie</strong></span> <span class='ocrx_word' id='word_1_314' title='bbox 1011 3226 1083 3272; x_wconf 89' lang='lat' dir='ltr'><strong>vero</strong></span> <span class='ocrx_word' id='word_1_315' title='bbox 1106 3206 1214 3272; x_wconf 76' lang='lat' dir='ltr'><strong>Cicero</strong></span> 
     </span>
     <span class='ocr_line' id='line_1_37' title="bbox 209 3291 1213 3372; baseline 0 -20"><span class='ocrx_word' id='word_1_316' title='bbox 209 3310 263 3371; x_wconf 93' lang='lat' dir='ltr'><strong>pro</strong></span> <span class='ocrx_word' id='word_1_317' title='bbox 278 3291 388 3372; x_wconf 83' lang='lat' dir='ltr'><strong>Milone</strong></span> <span class='ocrx_word' id='word_1_318' title='bbox 403 3293 600 3353; x_wconf 81' lang='lat' dir='ltr'><strong>insidiatorem</strong></span> <span class='ocrx_word' id='word_1_319' title='bbox 616 3295 736 3371; x_wconf 89' lang='lat' dir='ltr'><strong>primum</strong></span> <span class='ocrx_word' id='word_1_320' title='bbox 751 3291 883 3354; x_wconf 82' lang='lat' dir='ltr'><strong>Clodium</strong></span> <span class='ocrx_word' id='word_1_321' title='bbox 902 3293 1040 3372; x_wconf 89' lang='lat' dir='ltr'><strong>ostendit,</strong></span> <span class='ocrx_word' id='word_1_322' title='bbox 1058 3303 1116 3355; x_wconf 90' lang='lat' dir='ltr'><strong>tum</strong></span> <span class='ocrx_word' id='word_1_323' title='bbox 1133 3291 1213 3354; x_wconf 89' lang='lat' dir='ltr'><strong>addi·</strong></span> 
     </span>
    </p>

    <p class='ocr_par' dir='ltr' id='par_1_6' title="bbox 116 3376 1216 3539">
     <span class='ocr_line' id='line_1_38' title="bbox 116 3376 1216 3453; baseline 0 -17"><span class='ocrx_word' id='word_1_324' title='bbox 116 3421 122 3428; x_wconf 90' lang='lat'><em>.</em></span> <span class='ocrx_word' id='word_1_325' title='bbox 209 3377 249 3437; x_wconf 86' lang='lat' dir='ltr'><strong>dit</strong></span> <span class='ocrx_word' id='word_1_326' title='bbox 271 3395 309 3437; x_wconf 83' lang='lat' dir='ltr'><strong>ex</strong></span> <span class='ocrx_word' id='word_1_327' title='bbox 330 3376 501 3452; x_wconf 88' lang='lat' dir='ltr'><strong>abundanti,</strong></span> <span class='ocrx_word' id='word_1_328' title='bbox 523 3377 634 3436; x_wconf 89' lang='lat' dir='ltr'><strong>etiamsi</strong></span> <span class='ocrx_word' id='word_1_329' title='bbox 649 3377 678 3437; x_wconf 92' lang='lat' dir='ltr'><strong>id</strong></span> <span class='ocrx_word' id='word_1_330' title='bbox 693 3394 749 3438; x_wconf 93' lang='lat' dir='ltr'><strong>non</strong></span> <span class='ocrx_word' id='word_1_331' title='bbox 765 3377 887 3453; x_wconf 83' lang='lat' dir='ltr'><strong>luisset,</strong></span> <span class='ocrx_word' id='word_1_332' title='bbox 903 3377 991 3438; x_wconf 85' lang='lat' dir='ltr'><strong>telem</strong></span> <span class='ocrx_word' id='word_1_333' title='bbox 1006 3387 1101 3438; x_wconf 90' lang='lat' dir='ltr'><strong>tamen</strong></span> <span class='ocrx_word' id='word_1_334' title='bbox 1118 3377 1216 3438; x_wconf 85' lang='lat' dir='ltr'><strong>civem</strong></span> 
     </span>
     <span class='ocr_line' id='line_1_39' title="bbox 210 3459 1214 3539; baseline 0.004 -21"><span class='ocrx_word' id='word_1_335' title='bbox 210 3477 274 3520; x_wconf 88' lang='lat' dir='ltr'><strong>cum</strong></span> <span class='ocrx_word' id='word_1_336' title='bbox 297 3474 405 3520; x_wconf 88' lang='lat' dir='ltr'><strong>summa</strong></span> <span class='ocrx_word' id='word_1_337' title='bbox 424 3460 531 3520; x_wconf 85' lang='lat' dir='ltr'><strong>virtute</strong></span> <span class='ocrx_word' id='word_1_338' title='bbox 553 3460 750 3521; x_wconf 80' lang='lat' dir='ltr'><strong>interfectoris</strong></span> <span class='ocrx_word' id='word_1_339' title='bbox 776 3471 805 3522; x_wconf 87' lang='lat' dir='ltr'><strong>et</strong></span> <span class='ocrx_word' id='word_1_340' title='bbox 825 3459 920 3538; x_wconf 78' lang='lat' dir='ltr'><strong>gloria</strong></span> <span class='ocrx_word' id='word_1_341' title='bbox 941 3463 1041 3522; x_wconf 85' lang='lat' dir='ltr'><strong>necari</strong></span> <span class='ocrx_word' id='word_1_342' title='bbox 1068 3460 1214 3539; x_wconf 81' lang='lat' dir='ltr'><strong>potuisse.</strong></span> 
     </span>
    </p>
   </div>
   <div class='ocr_carea' id='block_1_3' title="bbox 0 0 1308 3948">
    <p class='ocr_par' dir='ltr' id='par_1_7' title="bbox 0 0 1308 3948">
     <span class='ocr_line' id='line_1_40' title="bbox 0 0 1308 3948; baseline 0 1"><span class='ocrx_word' id='word_1_343' title='bbox 0 0 1308 3948; x_wconf 95' lang='lat' dir='ltr'><strong> </strong></span> 
     </span>
    </p>
   </div>
  </div>
 </body>
</html>
