2592 3940
176 169 238 234 248
494 182 531 230 ιι.
546 180 624 230 nnn.
642 179 862 242 cumularunt

150 351 241 407 tmen
262 344 345 416 patre
366 343 505 400 uteretur.
550 333 590 394 At
610 351 657 394 me
677 333 792 395 fortuna
812 333 841 396 id
863 344 999 412 agentem
1019 335 1127 398 diebus
1154 353 1196 398 ac

175 419 310 482 noctibus
331 420 574 497 festinantemque
595 425 673 478 metu
694 434 777 478 meae
806 417 989 480 mortalitatis
1015 419 1055 480 ita
1083 419 1194 480 subito

175 504 349 586 prostravit,
372 512 403 564 ut
422 502 532 564 laboris
555 503 612 562 mei
633 501 744 562 iructus
765 500 801 562 ad
822 503 964 564 neminem
981 503 1073 564 ιιιίιιιιιι
1097 520 1195 582 qnam

175 587 212 650 ad
227 607 273 648 me
291 590 461 666 pertineret.
505 584 589 645 lllum
612 586 702 660 enim,
724 585 760 645 de
783 601 842 663 quo
860 603 969 647 summa
985 603 1193 666 conceperam
1276 631 1277 660 ι

176 675 230 734 et'
222 690 251 733 nn
266 688 325 751 quo
340 689 423 751 spem
437 671 550 730 unicam
570 669 730 730 senectutis
751 669 947 747 reponebam,
969 671 1097 749 repetito
1119 669 1192 730 vul-

148 763 248 820 dnere
278 755 411 817 orbitatis
436 753 527 814 amisi.
580 753 656 827 Quid
686 770 761 814 nnnc
790 750 894 830 agam?
921 763 970 815 aut
997 771 1083 833 quem
1107 753 1193 814 ultra

178 857 246 902 esse
261 857 344 900 usurn
359 837 432 914 mei,
451 836 506 898 diis
520 835 768 915 repugnantibus,
786 833 923 897 credam?
959 836 1033 898 llam
1048 839 1088 898 ita
1104 837 1191 896 forte

178 924 300 998 accidit,
322 929 355 982 nt
375 938 441 982 cunr
459 937 578 1000 quoque
601 919 723 995 librum,
745 937 831 998 quern
851 920 888 981 de
910 923 1006 982 causis
1024 929 1191 998 corruptae

179 1006 363 1085 eloquentiae
382 1005 480 1079 omisi,
496 1005 551 1065 iam
564 1003 697 1064 scribere
715 1020 876 1080 aggressus
891 1005 950 1064 ictu
965 1005 1051 1065 simili
1065 1005 1189 1064 ferirer.

177 1087 261 1150 Nunc
284 1089 372 1166 igitur
395 1087 532 1167 optimum
553 1087 622 1164 init,
640 1086 794 1148 infaustum
811 1103 902 1166 opus,
919 1095 950 1147 et
969 1087 1111 1166 quidquid
1125 1087 1189 1148 boc

178 1182 225 1235 est
239 1174 269 1235 in
284 1189 330 1234 me
346 1171 505 1234 inlelicium
520 1171 696 1246 litterarum,
713 1189 803 1248 super
817 1172 996 1232 irnmaturum
1011 1171 1097 1232 funus
1114 1187 1188 1231 con·

177 1258 333 1336 sumpturis
353 1257 469 1318 viscera
489 1273 554 1315 mea
574 1253 694 1316 dammis
717 1254 837 1317 iniicere
858 1272 954 1333 neque
975 1255 1051 1316 banc
1068 1255 1189 1332 impiam
1276 1265 1277 1270 ’

150 1337 361 1401 4ιίνιιοίιιιιοιιι
380 1339 464 1400 novis
485 1339 603 1416 insuper
633 1339 710 1398 curis
738 1337 872 1416 fatigare.
917 1336 989 1411 Quis
1017 1340 1093 1400 enim
1115 1337 1188 1398 mibi
1276 1395 1277 1398 ,

177 1423 271 1488 bonus
287 1440 392 1501 parens
408 1423 559 1498 ignoscat,
578 1422 605 1480 si
625 1421 744 1482 studere
765 1422 887 1501 amplius
902 1438 1036 1500 possum:
1069 1439 1106 1482 ac
1127 1437 1187 1480 non

178 1506 273 1567 oderit
287 1505 362 1566 banc
377 1505 463 1565 animi
482 1505 539 1567 mei
558 1504 737 1582 firmitatem,
759 1507 784 1565 si
806 1507 870 1584 quis
891 1506 921 1565 in
943 1523 989 1566 me
1013 1507 1087 1566 alius
1113 1523 1187 1564 usus
1276 1501 1277 1516 ³

177 1591 277 1666 uocis,
301 1605 385 1667 quarn
406 1590 587 1651 utinensem
607 1589 681 1649 deos
706 1596 857 1668 superstes
881 1591 1006 1650 omnium
1032 1583 1186 1648 meorum?

178 1672 292 1736 Nullam
308 1675 336 1734 in
352 1682 446 1734 terras
463 1671 619 1750 despicere
634 1673 845 1751 providentiam
861 1681 968 1741 tester,
990 1675 1015 1732 si
1036 1689 1094 1732 non
1116 1688 1185 1732 meo

179 1775 264 1835 casu,
287 1759 333 1818 cui
354 1767 449 1820 tamen
470 1755 541 1816 nibil
562 1755 667 1833 obiici,
689 1757 850 1836 nisirqnod
876 1759 987 1832 vivam,
1011 1764 1130 1835 potest,
1156 1763 1185 1815 at

177 1840 293 1904 illorum
310 1850 408 1917 certe,
426 1857 500 1919 quos
516 1841 616 1920 utique
632 1841 792 1901 immeritos
806 1857 886 1900 mors
902 1839 1010 1903 acerba
1026 1839 1184 1915 damnarit,

178 1935 280 2005 erepta
305 1927 384 2004 prius
406 1926 474 1986 mibi
497 1932 588 1986 matre
608 1923 783 2001 eorundem,
811 1941 886 2004 quae
914 1923 1038 1985 nondorn
1061 1922 1184 2002 expleto

178 2011 280 2070 aetatis
298 2008 516 2068 undevicesimo
533 2024 607 2067 anno
630 2009 703 2070 duos
725 2011 810 2070 enixa
831 2007 927 2084 lilios,
952 2009 1081 2087 quamvis
1100 2023 1183 2068 acer·
1276 2019 1277 2024 ’

149 2092 301 2152 obisslmis
318 2101 415 2176 rapta
418 2092 501 2167 fatis,
520 2091 593 2152 lelix
609 2089 759 2153 decessit?
795 2091 860 2170 Ego
875 2092 925 2153 vel
948 2092 1006 2152 boc
1026 2107 1083 2151 uno
1104 2089 1183 2152 malo

177 2178 221 2234 sic
245 2192 323 2234 eram
345 2159 486 2248 sillictus,
509 2183 539 2234 ut
560 2192 606 2233 me
627 2177 683 2240 iam
702 2174 780 2240 nulla
801 2174 917 2237 fortuna
941 2184 1044 2254 posset
1060 2174 1182 2235 silicere

176 2257 304 2318 felicem
351 2255 422 2316 Nam
448 2275 513 2319 oum
544 2258 620 2316 omni
648 2259 768 2335 virtute,
796 2275 871 2340 quae
897 2261 926 2319 in
948 2259 1070 2320 feminas
1094 2259 1181 2333 cadit,

176 2341 274 2402 iuncta
293 2340 483 2401 insanabilem
504 2340 599 2402 attulit
619 2342 721 2402 nrarito
744 2342 891 2412 dolorcm;
920 2351 979 2403 tum
1007 2352 1103 2404 aetate
1125 2351 1181 2402 tam

177 2424 318 2505 puellari,
333 2425 506 2505 praesertim
521 2442 605 2486 rneae
627 2435 811 2505 comparata,
834 2434 934 2505 potest
954 2435 984 2487 et
1003 2428 1068 2505 ipsa
1082 2442 1181 2487 nnme-

148 2510 234 2576 ttrari
250 2510 326 2569 inter
340 2506 462 2570 vulnera
480 2508 621 2570 orbitatis.
665 2508 778 2570 biberis
794 2518 889 2570 tamen
905 2509 1121 2589 superstitibus,
1139 2517 1178 2586 et,

178 2593 255 2672 qnod
277 2593 359 2654 nelas
381 2601 459 2668 erat,
480 2591 533 2652 sed
556 2589 675 2670 optabat
695 2595 775 2671 ipsa,
798 2611 845 2654 me
859 2593 942 2654 salvo
958 2594 1100 2654 maximos
1116 2611 1178 2652 cru·

178 2677 270 2737 ciatus
286 2677 440 2756 praecipiti
454 2675 503 2736 via
519 2675 629 2754 elingit.
661 2674 731 2737 llibi
744 2675 819 2737 lilius
834 2678 927 2737 minor
940 2679 1068 2757 quintum
1079 2693 1177 2754 egres·
1276 2727 1277 2752 ,

149 2771 227 2827 tsus
243 2776 345 2820 annum
362 2761 444 2838 prior
461 2759 583 2819 alterum
601 2777 638 2819 ex
653 2759 766 2820 duobus
786 2761 861 2820 eruit
882 2759 988 2821 lunren.
1032 2759 1100 2820 Non
1118 2776 1176 2818 sum

177 2840 344 2902 ambitiosus
359 2843 388 2901 in
404 2842 487 2903 malis
508 2860 564 2902 nec
579 2859 688 2920 augere
709 2845 891 2905 lacrimarum
907 2861 1010 2905 causas
1027 2843 1109 2919 volo,
1125 2843 1175 2902 uti-

176 2942 298 3004 namque
315 2933 397 2987 esset
412 2927 486 2985 ratio
500 2926 654 2987 minuendi.
699 2927 758 2988 Sed
775 2926 956 2990 dissimulare
979 2929 1029 3006 qni
1048 2943 1174 3006 possum,

177 3009 244 3088 quid
260 3009 311 3070 ille
326 3009 438 3087 gratiae
453 3010 482 3068 in
498 3007 597 3086 vultu,
615 3010 684 3089 quid
699 3011 882 3072 iucunditatis
897 3012 927 3070 in
942 3028 1089 3087 sermone,
1105 3026 1174 3090 quos

176 3094 284 3170 ingenii
297 3091 457 3172 igniculos,
477 3111 561 3172 quam
582 3093 769 3155 substantiam
790 3092 924 3173 placidae
945 3103 975 3156 et
999 3094 1100 3174 (quarn
1115 3093 1175 3153 scio

176 3177 225 3237 vix
239 3194 331 3256 posse
348 3178 428 3238 credi
444 3178 566 3257 tantam)
583 3174 659 3237 altae
674 3179 778 3238 mentis
794 3179 968 3248 ostenderit;
991 3177 1085 3258 qualis
1101 3193 1173 3237 anno·

149 3263 238 3320 brem
261 3263 425 3341 quicunque
446 3261 563 3322 alienus>
580 3258 673 3322 inlatis
697 3271 867 3323 mereretur.
918 3262 995 3324 lllud
1015 3277 1089 3322 rero
1111 3261 1171 3320 insi·

178 3343 297 3422 diantis,
314 3362 372 3425 quo
388 3363 434 3405 me
448 3345 571 3406 validius
588 3346 749 3422 cruciaret,
765 3349 899 3406 fortunae
915 3345 984 3422 init,
1000 3354 1032 3406 ut
1046 3344 1098 3405 ille
1110 3343 1172 3404 mili

177 3425 384 3514 blandissimus
404 3446 450 3512 pre
477 3428 537 3488 suis
556 3428 731 3508 nutricibus,
764 3446 810 3488 me
838 3430 921 3490 ariae
949 3427 1085 3490 educenti
1092 3472 1101 3506 ,
1114 3465 1116 3472 ,
1130 3443 1170 3488 ne
