2592 3940
173 183 235 246 250
494 191 855 252 u.nan.ou1ur1u1au1

174 347 361 410 adversorum
384 345 521 408 solatium
545 347 657 408 litteras
672 353 856 426 putaverunt.
901 346 932 406 Si
951 344 1066 425 quantm
1083 353 1184 406 tamen
1268 351 1269 366 ¹

173 434 212 493 ita
235 430 379 492 resederit
399 447 541 509 praesens
564 432 708 509 impetus,
735 438 767 490 ut
787 429 884 508 aliqua
907 437 951 490 tot
966 428 1099 490 tueamur
1123 429 1184 490 alia

175 515 314 594 cogitatio
338 515 427 576 inseri
450 515 561 594 possit,
584 531 643 574 non
664 513 769 574 iniuste
784 513 920 591 petierim
940 513 1182 575 muraenulam.

175 596 246 673 Quis
268 599 344 666 enim
364 598 453 660 dilata
469 596 570 658 studia
594 599 731 674 miretur,
762 613 837 674 quae
859 597 958 675 potins
980 613 1039 657 non
1059 595 1185 676 abrupta

135 686 242 744 messe
257 681 415 745 mirandmu
431 677 500 742 est?
543 679 633 758 Tum,
654 682 679 741 si
702 698 760 760 qua
781 680 888 742 luerint
901 681 995 742 minue
1010 680 1119 741 eterra
1134 680 1184 755 iis,

175 783 251 846 quae
266 765 359 828 leuius
375 764 469 827 adhue
490 763 591 827 aiilioti
620 780 829 843 coeperamus:
850 765 1028 844 imperitanti
1048 763 1186 825 ionmnae

174 851 369 924 remittantur,
393 865 487 927 quae,
508 848 614 928 siquid
628 848 819 910 mediocrium
841 847 953 927 alioqui
973 849 1003 908 in
1025 855 1127 908 nostro
1142 849 1186 908 in=

174 934 263 1076 qepio
279 933 466 1078 uirtiqrmhiuit,
488 940 520 992 ut
534 949 593 994 non
607 932 782 1032 autionarit,
800 930 967 1032 ⁸‹lelrllitnrit
984 941 1091 1078 taqueq.
1125 930 1188 1075 Seq

174 1032 319 1180 linit
335 1025 1064 1176 „etillttltss'it,limitatam
1088 1033 1188 1160 ‘tlt

177 1185 253 1245 enlm
267 1184 322 1244 sibi
337 1183 478 1246 advertus
491 1202 538 1246 me
553 1183 686 1264 reliquit,
708 1192 738 1244 et
752 1182 900 1245 inielioem
916 1183 1032 1263 quidem
1048 1182 1102 1244 sed
1122 1201 1187 1244 oer-

134 1268 314 1331 16tissimam
330 1277 425 1330 tamen
441 1268 536 1331 attulit
550 1267 617 1332 milri
638 1285 677 1327 ex
700 1267 745 1329 his
764 1267 847 1329 malis
870 1268 1068 1330 seouritatem.
1113 1266 1188 1328 Boni

176 1361 272 1414 autem
288 1351 444 1414 consulere
466 1361 594 1414 nostrum
612 1350 743 1412 laborem
762 1351 812 1412 vel
832 1359 956 1431 propter
981 1351 1039 1413 hoo
1062 1369 1188 1430 aequum

177 1445 239 1510 est,
261 1434 340 1513 quod
354 1436 384 1496 in
398 1434 506 1497 nullum
524 1437 580 1497 iam
594 1436 745 1515 proprium
758 1453 843 1496 usum
867 1451 1110 1516 perseveramus,
1133 1434 1189 1496 set

177 1519 268 1578 omnis
284 1517 359 1578 haee
375 1535 444 1582 aura
462 1518 572 1582 alienas
590 1517 729 1582 utilitates
746 1519 787 1597 (si
801 1520 889 1581 morlo
908 1520 977 1600 quid
994 1519 1066 1582 utile
1084 1519 1188 1579 sorihi-

176 1603 257 1747 qnush)
272 1609 398 1680 spectat.
414 1601 503 1749 Ι..Νοε
525 1603 722 1746 miserihsiout
741 1602 898 1749 iqqultaqes
914 1603 1080 1682 patrimonii
1093 1612 1188 1664 nostra

177 1704 186 1745 ι
201 1703 216 1744 a
253 1702 290 1746 oo
306 1703 380 1766 opus
396 1705 413 1749 a
426 1706 461 1748 us
476 1704 621 1767 praepara
642 1703 722 1749 amus
742 1704 807 1748 aurs
823 1703 855 1747 re
868 1705 1030 1766 mquemus.

534 1839 576 1890 DE
590 1839 827 1892 remoratione,

264 1936 287 1998 1.
331 1935 530 2006 Peroratio
556 1937 752 2017 sequebatur,
782 1952 867 2014 quam
892 1934 1046 1996 mulum
1073 1932 1189 2013 quidam

180 2021 405 2084 cerole-aionem
420 2020 470 2081 alii
486 2029 603 2081 rooant.
646 2019 718 2082 Eius
734 2019 845 2099 duplex
861 2017 936 2079 ratio
957 2026 1004 2078 est
1021 2018 1120 2097 posita
1139 2025 1190 2078 aut

178 2106 207 2164 in
223 2103 310 2164 rebus
328 2105 420 2164 autin
435 2102 599 2164 alieotilrus.
644 2103 777 2164 Rerum
798 2102 983 2181 repetitio
1007 2110 1037 2162 et
1061 2118 1188 2180 oonpre-

178 2177 276 2266 ga'tio,
291 2203 366 2266 quae
382 2184 497 2248 (iraeoe
511 2186 617 2248 dieitur
632 2177 898 2264 ἀνακεφαλαίωσις,
915 2203 931 2247 a
947 2184 1119 2264 quibusdam
1133 2185 1187 2246 lm·

179 2271 303 2332 tinorum
325 2271 529 2348 enumeratio,
551 2278 581 2330 et
603 2271 772 2332 memoriam
794 2271 898 2332 iudiois
919 2269 1015 2332 retioit
1041 2278 1071 2330 et
1096 2277 1188 2330 totam

181 2353 266 2416 simul
282 2371 399 2418 oausam
414 2355 495 2433 ponit
512 2364 578 2416 ante
599 2355 703 2416 oeulos
721 2363 766 2431 et,
791 2354 903 2415 etiamsi
925 2371 980 2433 per
1005 2353 1121 2432 singula
1136 2354 1187 2412 mi-

152 2445 234 2499 tnus
249 2447 397 2515 moverat,
414 2438 499 2500 turba
513 2439 602 2502 valet.
648 2438 680 2499 ln
701 2438 774 2515 hae,
800 2456 875 2518 quae
890 2446 1078 2517 repetemus,
1101 2455 1188 2516 quam

178 2522 352 2584 brevissime
368 2522 491 2584 dioensis
507 2532 591 2600 sunt,
613 2531 659 2599 et,
676 2523 756 2602 quod
776 2521 889 2584 liraeoo
912 2521 1005 2582 verbo
1021 2531 1119 2602 patet,
1136 2521 1186 2582 ‹le-

180 2605 352 2667 ournendum
373 2622 428 2685 per
449 2608 554 2686 eapita.
598 2605 687 2684 Nam,
708 2608 734 2669 sl
754 2605 946 2681 morabimur,
966 2622 1025 2667 nnn
1046 2607 1103 2666 iam
1118 2623 1186 2666 enu-

179 2691 300 2752 meratio
311 2689 364 2751 seul
375 2691 458 2770 quasi
470 2690 563 2752 altera
578 2691 630 2752 liet
643 2692 747 2753 oratio.
785 2690 875 2765 Quae
885 2698 982 2752 numm
993 2690 1188 2752 enumeranda

179 2771 329 2850 ridentur,
341 2791 406 2834 oum
419 2773 552 2852 pondere
566 2774 664 2854 aliquo
676 2775 800 2838 dioenia
816 2781 883 2836 sunt
899 2782 930 2835 et
945 2773 1186 2854 aptisexoitamla

180 2857 330 2916 sententiis
349 2865 378 2916 et
394 2856 495 2934 liguris
515 2860 614 2938 utique
634 2859 784 2928 sarianum
812 2857 923 2938 alioqui
946 2857 1016 2919 nihil
1036 2865 1083 2918 est
1106 2858 1186 2918 orlie-

180 2940 240 3000 sius
255 2946 338 3001 reeta
354 2938 404 3002 illa
421 2942 598 3020 repetitione
610 2943 692 3005 velut
707 2943 865 3004 memoriae
880 2941 1007 3004 iudieum
1018 2941 1185 3004 diffidentis.

151 3023 253 3090 aSunt
270 3032 365 3085 auteur
380 3023 623 3103 innumerabiles,
641 3027 815 3106 optimeque
825 3027 855 3086 in
871 3025 996 3088 Verrem
1011 3023 1136 3089 (lieeror
1150 3023 1188 3086 st

178 3117 271 3188 poter
285 3110 352 3188 ipse
364 3107 531 3186 iudiearet,
549 3110 625 3190 perid
635 3112 764 3186 mearet,
780 3128 850 3173 earm
864 3111 943 3174 tore
955 3111 1188 3191 probarentur?

181 3200 211 3254 et
227 3191 333 3254 deinde
352 3192 477 3255 subieoit
494 3195 757 3263 enumerationemr
778 3202 828 3256 aut
843 3211 909 3257 enm
923 3196 1000 3257 idem
1014 3196 1043 3255 in
1064 3195 1187 3256 euntlem

180 3293 236 3354 per
249 3277 462 3340 invocationem
485 3280 607 3357 ¹‹leorum
626 3277 753 3358 spoliata
773 3297 790 3340 a
812 3287 951 3359 praetore
974 3279 1083 3359 templa
1106 3278 1186 3339 dinu-

176 3367 281 3421 merat.
325 3360 408 3422 lieet
433 3369 464 3422 et
484 3360 634 3436 dubitare,
659 3379 726 3423 num
749 3363 818 3442 quid
836 3379 891 3424 nos
914 3363 1038 3441 iuqerit,
1067 3361 1187 3442 etquid

180 3458 374 3518 responsurus
390 3445 428 3504 sit
442 3444 625 3506 adversarius
640 3444 685 3506 luis
701 3446 808 3523 ethis,
829 3455 879 3506 aut
893 3464 979 3525 qnam
1000 3463 1085 3525 spem
1099 3463 1184 3507 aoou·
