2608 3948
387 220 477 269 ruer.
498 219 649 268 cassos.
671 221 741 268 are.
757 217 847 286 uae.
1061 211 1120 272 143

121 379 187 455 lilii,
203 385 358 457 parantes,
374 375 496 451 divites,
515 391 619 451 serres,
636 377 748 453 asperi5
767 375 866 452 leues,
887 379 1118 458 earumdemque

118 461 330 542 supramodum,¹
344 458 458 536 timidi,
485 459 634 519 derisores
660 457 745 527 duat3
771 468 803 518 ut
827 461 877 518 uir
903 462 1118 523 comoediarum

118 544 265 608 actoribus
291 544 392 623 plures
420 541 534 604 babitus
560 544 589 602 ia
615 542 826 621 pronuntianda
854 546 1037 624 concipiendi
1062 548 1119 606 siut

116 647 203 710 mam
221 629 267 690 bia
281 629 312 688 in
327 627 461 687 diceudo.
502 624 585 699 Quae
600 627 694 686 omnia
715 634 839 705 possunt
858 627 952 689 videri
973 645 1118 709 prosopo-
1129 647 1163 702 52

117 714 242 794 posiae,
261 729 347 790 quam
362 727 419 789 ego
435 711 575 770 suasoriis
589 709 717 786 subieci,
739 712 806 789 quia
820 707 901 772 rullo
916 714 1003 774 modo
1019 713 1054 772 ab
1073 713 1120 775 his

118 815 204 877 quam
226 799 355 877 personia
377 794 473 856 distat.
519 793 690 872 Quanquam
711 794 784 854 haec
805 795 960 874 aliquando
983 799 1068 858 etiam
1091 799 1121 857 in

119 879 340 941 controversias
360 877 489 955 ducitur,
512 895 587 956 quae
612 895 649 937 ex
673 877 802 938 historiis
826 883 1009 959 compositae
1031 883 1120 942 certis

119 965 265 1042 agendam
282 961 444 1023 nominibus
461 964 651 1023 continentur.
686 960 789 1042 Neque
804 965 925 1042 ignoro,
948 965 1165 1045 plerumque53

120 1047 339 1109 exercitationis
352 1046 447 1125 gratia
461 1046 531 1125 pori
542 1056 573 1108 et
588 1046 722 1125 poeticas
735 1056 764 1107 et
779 1047 947 1126 historicas,
961 1059 993 1109 ut
1005 1048 1124 1112 Priami

117 1133 214 1196 cerba
230 1133 318 1212 apasd
332 1127 480 1193 debiliate
498 1138 548 1190 aut
561 1129 671 1193 Sellae
686 1130 876 1194 dictatorcm
893 1133 1122 1212 deponentium

117 1219 265 1279 maome.
306 1214 366 1276 Sed
385 1214 460 1274 baec
485 1215 514 1273 ia
539 1223 651 1292 partam
676 1212 782 1274 cedent
802 1216 885 1274 trium
908 1233 1065 1293 generum,
1093 1219 1122 1276 in

117 1319 194 1379 quae
210 1317 314 1361 causas
329 1299 487 1359 divisimus.
523 1296 597 1358 Nam
617 1306 648 1356 ct
662 1313 788 1374 rogare,
809 1298 956 1375 indicare,
978 1301 1122 1361 rationem

117 1383 242 1444 reddere
258 1391 287 1443 et
302 1382 375 1457 alia,
398 1383 434 1442 de
455 1381 560 1460 quibus
575 1397 663 1460 supra
679 1381 785 1441 dictum
807 1392 867 1459 est,
891 1385 972 1444 varie
988 1393 1075 1463 atquc
1090 1393 1121 1444 ut

118 1485 168 1527 res
195 1467 309 1527 tulitin
336 1466 456 1526 materia
476 1464 622 1541 iudiciali,
652 1463 857 1542 deliberativa,
882 1466 1118 1543 demonstrativa,

117 1550 258 1611 solemur.
288 1547 542 1627 ‘liraqueutissime
562 1565 635 1609 vero
656 1549 686 1606 iu
706 1548 750 1609 lris
770 1552 875 1610 utimur
895 1551 962 1613 flata
980 1558 1164 1630 persona-tl

118 1651 197 1710 rum,
222 1651 293 1712 quas
315 1634 372 1712 ipsi
394 1631 609 1709 substituimus,
632 1632 780 1708 oratioue,
803 1643 834 1692 ut
854 1635 930 1711 apud
948 1633 1121 1694 Ciceronem

117 1735 172 1798 oro
190 1715 292 1779 Caelio
309 1713 441 1778 Clodiam
455 1724 486 1775 et
501 1733 608 1778 caecus
626 1715 738 1794 Appius
757 1724 787 1776 et
803 1713 922 1778 Clodius
940 1717 1046 1794 irater,
1069 1716 1120 1776 ille

117 1805 147 1861 in
163 1803 384 1880 castigatiorem
405 1801 453 1860 lric
473 1800 503 1858 in
524 1801 756 1860 exhortationem
771 1801 907 1860 vitiorum
930 1801 1119 1880 compositus,

118 1885 177 1946 allo
199 1887 286 1945 uitur.
921 1893 922 1898 ’

108 1987 112 1992 ’
180 1903 306 2030 qSolent
328 1967 357 2026 iu
378 1967 489 2028 scholis
510 1967 578 2046 drgl
600 1967 740 2028 materiae
756 1964 792 2029 ad
808 1965 1025 2028 deliberandum
1041 1967 1163 2034 simi-55

62 2083 65 2088 ·
118 2054 208 2114 liores
229 2051 439 2114 controversiis
459 2068 497 2112 ex
517 2059 643 2131 utroque
658 2068 769 2129 gauere
792 2053 981 2127 commixtae,
1002 2059 1034 2112 ut
1055 2069 1119 2112 cum

118 2137 194 2216 apud
214 2134 248 2198 c.
271 2132 429 2197 Gaesarem
452 2135 627 2198 consultatio
648 2136 685 2196 de
707 2153 803 2215 poena
827 2135 971 2197 Theodoti
993 2138 1117 2214 ponitur.

119 2217 240 2283 Constat
253 2221 330 2280 enim
342 2221 532 2282 accusatione
549 2229 579 2280 ct
594 2219 765 2281 defensioue
781 2237 869 2280 causa
886 2222 965 2298 eius,
982 2221 1059 2299 qurud
1073 2229 1120 2280 est

118 2303 294 2364 iudicialium
308 2305 467 2384 proprium.
500 2303 644 2364 Permixta
659 2313 755 2364 tamen
773 2313 819 2364 est
837 2314 866 2365 et
880 2305 1012 2366 utilitatis
1029 2306 1163 2371 ratio:56

118 2384 165 2448 Aa
184 2405 244 2466 pro
266 2385 405 2451 Caesare
425 2388 636 2466 fiamitocaida'
657 2386 855 2468 Pompeiam?
888 2386 938 2450 Aa
956 2390 1120 2450 timendam

119 2488 142 2532 a
161 2488 236 2549 reae
256 2471 382 2548 dadam,
402 2473 432 2532 si
452 2469 621 2535 Theodotus
643 2474 681 2533 at
699 2473 843 2534 occicus?
875 2468 925 2532 Aa
945 2473 980 2533 id
1001 2473 1121 2532 minime

118 2561 321 2634 apamaenum
333 2555 400 2616 -boa
420 2561 556 2634 mmpola
575 2561 604 2616 et
622 2556 829 2633 periculosum
851 2563 880 2616 et
901 2564 984 2617 certe
1001 2555 1121 2632 laneam

118 2639 159 2700 sit
171 2639 331 2718 facturuml
355 2636 512 2712 Quaeritur
526 2646 557 2698 et
571 2638 607 2698 de
622 2639 764 2698 honesto:
785 2637 942 2700 Deeratne
955 2635 1163 2706 Caesaream

119 2723 194 2786 altio
209 2721 344 2803 Pompeii
350 2724 366 2783 i
395 2718 445 2783 Aa
462 2724 503 2784 eit
516 2723 700 2798 terendum,
721 2741 760 2782 ae
770 2723 908 2802 peiorem
926 2721 1028 2802 faciat
1047 2739 1121 2783 aaa·

119 2826 189 2870 mm
206 2809 346 2889 partiam
369 2823 515 2882 caesam,
535 2806 563 2867 ai
583 2803 757 2886 Pompeiam
780 2806 937 2886 indiacum
954 2814 1050 2869 marte
1070 2806 1121 2884 fa-

121 2894 245 2954 teatur?
281 2891 367 2966 Quod
381 2907 475 2970 geum
490 2889 628 2950 accidere
642 2890 728 2951 etiam
743 2891 857 2952 veritati
871 2899 979 2970 potest.
1129 2902 1163 2956 58

176 3013 178 3020 ι
203 2975 269 3036 lion
287 2975 413 3055 ¹simplex
433 2983 529 3036 autem
552 2976 630 3034 circa
654 2975 801 3034 suasorias
823 2991 908 3036 error
927 2975 1122 3053 impletisque

121 3057 366 3120 declamatoribus
388 3059 457 3136 luit,
487 3059 535 3138 qui
557 3058 702 3120 dicendi
724 3075 841 3136 genus
863 3060 891 3120 iu
906 3059 952 3119 lais
976 3057 1122 3118 diversum

122 3150 211 3219 atque
226 3143 255 3201 iu
274 3151 366 3202 totum
385 3141 428 3202 illi
449 3143 575 3204 iudiciali
591 3143 765 3204 contrarium
786 3159 853 3203 esse
874 3144 1120 3202 existimaverunt.

121 3223 195 3284 llam
209 3233 246 3284 et·
254 3226 396 3304 principia
412 3225 534 3303 abrupta
550 3235 579 3286 et
590 3228 768 3294 concitatam
783 3243 901 3304 semper
914 3227 1077 3285 orationem
1091 3230 1122 3282 et

121 3311 150 3368 in
168 3308 267 3369 uerbis
289 3307 479 3392 affectaretur,
500 3317 531 3368 ut
547 3310 603 3389 ipsi
623 3319 744 3386 vocant,
769 3311 882 3374 callam
901 3308 1120 3381 allectaverunt,

122 3400 153 3452 et
167 3409 266 3454 earum
281 3391 434 3452 breviores
455 3391 554 3470 utique
571 3394 794 3454 commentarios
810 3409 894 3470 quam
911 3391 1016 3469 legalis
1032 3398 1120 3451 mate·
1231 3386 1234 3391 '

121 3475 184 3536 riae
200 3478 301 3539 lacera
323 3475 517 3537 elaborarunt.
554 3476 619 3555 ligo
634 3491 724 3556 porro
744 3484 775 3534 ut
791 3478 943 3554 prooemio
959 3475 1045 3536 video
1063 3490 1120 3533 non
1130 3480 1164 3535 59
