2570 3946
365 240 784 325 1usu.oaauon.n1a.1,t.
1037 247 1076 310 21

74 429 135 473 ros.
164 411 235 475 lnde
252 413 281 473 in
297 411 426 488 syllabas
448 429 517 472 cora
531 411 680 488 transibit,
703 410 740 472 de
761 411 865 491 quibus
882 413 911 472 in
926 413 1078 494 orthogra-

74 495 141 574 pbia
155 513 247 574 pauca
266 495 421 557 annotabo.

158 578 231 640 l'um
248 579 374 656 videbit,
394 578 431 640 ad
447 596 532 657 quem
545 578 603 639 boc
618 581 760 657 pertinet,
781 588 851 660 quot
867 587 897 640 et
911 597 987 659 quae
1002 600 1079 661 par·

73 670 131 724 tes
163 663 367 731 orationis;
399 678 560 741 quanquam
589 661 626 724 de
653 680 771 723 numero
802 681 903 742 parum
933 669 1078 728 convenit.

74 744 198 816 Veteres
226 747 316 822 enim,
347 761 469 823 quorum
496 745 614 806 luerunt
639 745 817 807 Aristoteles
844 764 962 828 quoque
991 757 1122 830 atpuels

72 829 278 905 Theodectes,
297 828 388 889 verba
408 829 495 890 modo
518 838 548 889 et
569 831 682 890 nomina
702 839 732 890 et
752 832 972 892 convinctiones
991 833 1077 894 tradi·

72 914 190 984 derunt;
214 913 353 975 videlicet
368 912 446 992 qood
460 915 490 974 in
501 911 600 974 verbis
615 914 672 974 vim
688 915 849 992 sermonis,
869 917 899 975 in
915 916 1078 977 nominibus

71 1000 234 1075 materiam,
260 997 343 1078 (quia
357 997 480 1058 alterum
496 1006 542 1058 est
557 996 635 1076 quod
649 997 808 1077 loquimur,
829 999 951 1060 alterum
967 1000 1003 1060 de
1019 1019 1078 1081 quo

72 1080 231 1163 loquimur)
252 1083 281 1144 in
302 1081 551 1144 convinctionibus
569 1089 664 1141 autem
686 1083 871 1161 complexum
890 1100 990 1144 eorum
1009 1103 1078 1146 esse

70 1166 283 1235 iudicaverunt:
308 1184 379 1246 quas
402 1167 620 1229 coniunctiones
643 1182 660 1225 a
679 1165 830 1246 plerisque
846 1166 903 1226 dici
919 1169 999 1244 scio,
1024 1169 1078 1230 sed

69 1249 145 1312 lraec
162 1249 277 1312 videtur
299 1268 337 1311 ex
357 1247 510 1332 συνδέσμῳ
524 1251 616 1327 magis
636 1251 754 1328 propria
776 1249 936 1311 translatio.
975 1251 1077 1313 Paula·
1086 1265 1120 1322 19

71 1336 120 1393 tim
135 1353 151 1394 a
171 1333 355 1413 pbilosophis
372 1351 408 1394 ac
422 1337 545 1394 maxime
562 1334 669 1394 Stoicis
685 1341 785 1393 auctus
806 1341 1019 1412 annumeras,
1042 1353 1077 1396 ac

70 1419 193 1496 primum
208 1417 458 1478 convinctionibus
474 1417 588 1480 articuli
603 1417 724 1494 adiecti,
742 1427 811 1498 post
827 1421 1075 1498 praepositiones,

9 1525 10 1528 ¹
69 1499 233 1560 nominibus
261 1500 441 1580 appellatio,
473 1499 577 1561 deinde
605 1505 786 1580 pronomen,
820 1502 927 1564 deinde
958 1505 1077 1564 mixtum

73 1582 164 1644 verbo
180 1585 377 1663 participium,
394 1585 467 1664 ipsis
481 1583 580 1645 verbis
595 1583 742 1646 adverbia.
768 1585 878 1647 Noster
893 1604 990 1648 sermo
1007 1589 1075 1648 arti-

71 1667 156 1728 culos
175 1684 233 1728 non
247 1667 409 1745 desiderat,
431 1669 558 1748 ideoque
573 1669 603 1729 in
623 1668 694 1730 alias
713 1678 811 1748 partes
833 1671 973 1731 orationis
994 1688 1074 1750 spar-
1118 1694 1121 1698 ’

70 1761 186 1830 guntur.
218 1750 278 1812 Sed
293 1753 407 1814 accedit
422 1752 622 1832 superioribus
641 1755 817 1815 interiectio.
845 1752 906 1814 Atti
921 1764 1016 1815 tamen
1037 1763 1119 1816 exto

69 1834 182 1895 idoneis
195 1835 332 1896 duntaxat
345 1835 511 1898 auctoribus
527 1845 595 1896 octo
608 1846 707 1920 partes
722 1839 816 1897 secuti
830 1847 895 1897 sunt
908 1847 939 1897 ut
949 1836 1075 1898 Aristar·

70 1919 142 1978 chus
159 1927 189 1979 et
203 1927 299 1979 aetate
320 1929 420 1981 nostra
441 1919 611 1996 Palaemon,
635 1922 683 1998 qui
699 1919 873 1980 vocabulum
894 1922 958 1979 sive
973 1921 1075 1999 appel-

69 2003 207 2064 lationem
229 2004 336 2063 nomini
360 2003 546 2065 subiecerunt
573 2011 708 2081 tanquam
730 2005 849 2082 species
873 2005 946 2063 eius.
979 2003 1019 2064 At
1043 2005 1074 2078 ii,

66 2087 119 2164 qui
141 2085 218 2147 alind
233 2103 338 2148 nomen
351 2087 429 2148 aliud
444 2086 617 2148 vocabulum
636 2086 760 2164 iaciunt,
780 2105 900 2150 novem..
924 2085 1074 2150 Nihilomi-

69 2189 123 2229 nus
139 2171 269 2248 luerunt,
285 2173 334 2250 qui
348 2173 442 2254 ipsum
456 2171 550 2234 adbuc
565 2171 739 2232 vocabulum
756 2170 792 2232 ab
809 2171 1008 2252 appellatione
1023 2171 1073 2231 de·

69 2253 228 2331 ducerent,
253 2263 284 2315 ut
305 2265 385 2317 esset
408 2254 582 2317 vocabulum
609 2271 716 2336 corpus
741 2258 805 2317 visu
828 2265 966 2335 tactuque
985 2257 1073 2316 mani·

67 2337 191 2414 iestum,
215 2340 338 2413 domus,
354 2341 470 2410 lectua-
491 2339 667 2419 appellatio,
691 2343 737 2400 cui
750 2340 800 2400 vel
815 2340 938 2402 alterum
955 2339 1074 2400 deesset

67 2421 120 2482 vel
139 2429 307 2501 utrumque,
326 2431 450 2502 veatae,
473 2425 607 2502 coelam,
629 2426 721 2502 deus,
745 2427 853 2486 virtue.
890 2422 1074 2485 adiiciebant

70 2513 100 2566 et
117 2507 365 2565 asseverationem
386 2514 417 2566 at
435 2505 525 2579 abac,
546 2517 577 2568 et
595 2510 827 2568 attrectationem
842 2515 872 2566 ut
891 2507 1074 2585 foroclodien,-

69 2605 147 2670 quae
172 2587 241 2648 mihi
265 2605 323 2648 non
343 2589 549 2667 approbantur.
589 2591 778 2652 Vocabulum
795 2608 831 2650 an
850 2588 1011 2667 appellatio
1034 2589 1075 2648 di·
1084 2601 1118 2657 21

69 2673 163 2735 canda
178 2673 216 2733 sit
229 2672 412 2753 προσηγορία
426 2681 456 2732 et
470 2673 649 2735 subiicienda
664 2675 770 2734 nomini
785 2689 896 2748 necne,
913 2673 979 2751 quia
994 2672 1076 2752 parvi

67 2756 176 2834 refert,
196 2757 318 2818 liberum
335 2756 493 2836 opinaturis
509 2757 653 2836 relinquo.

88 2843 91 2852 ’
153 2839 276 2902 Nomina
291 2841 438 2904 declinare
455 2849 485 2901 et
499 2840 591 2901 verba
605 2841 743 2919 imprimis
758 2842 841 2920 pueri
856 2841 960 2915 sciant,
978 2857 1074 2918 neque
1084 2855 1118 2908 aa

69 2926 145 2987 enim
170 2925 255 2986 aliter
279 2927 436 3005 pervenire
461 2925 497 2987 ad
522 2926 703 2987 intellectum
729 2926 911 3004 sequentium
937 2933 1074 3002 possant;

69 3009 148 3089 quod
172 3011 257 3071 etiam
278 3027 399 3071 monere
419 3028 632 3089 sapervacuum
652 3017 730 3084 erat,
751 3009 810 3072 nisi
824 3007 975 3070 ambitiosa
993 3006 1076 3066 festi·

67 3094 186 3153 natione
202 3093 337 3173 plerique
353 3113 369 3155 a
385 3093 598 3173 posterioribus
614 3095 777 3172 inciperent
791 3101 831 3168 et,
848 3093 913 3153 dum
928 3097 1076 3151 ostentare

69 3175 233 3254 discipulos
251 3179 329 3238 circa
349 3179 531 3256 speciosiora
546 3178 670 3255 malunt,
691 3176 863 3254 compendio
883 3181 1074 3234 morarentur.

69 3260 159 3340 Atqui
174 3261 200 3319 si
216 3261 279 3338 quis
296 3269 325 3319 et
339 3261 470 3322 didicerit
486 3263 556 3322 satis
573 3270 602 3322 et
618 3259 713 3341 (qnod
727 3277 787 3320 nou
802 3256 1017 3328 minusdeesse
1032 3257 1073 3316 in·
1083 3265 1118 3320 23

69 3345 155 3404 terim
170 3344 265 3424 solet)
283 3343 410 3404 voluerit
427 3346 536 3420 docere
553 3363 629 3424 quae
643 3345 758 3419 didicit,
776 3360 834 3404 non
849 3343 904 3402 erit
921 3347 1074 3401 contentus

70 3428 188 3489 tradere
213 3430 243 3488 in
268 3425 429 3488 nominibus
448 3431 504 3489 tria
524 3447 634 3506 genera
653 3439 751 3502 elea,
777 3443 850 3504 quae
876 3432 942 3484 suut
962 3423 1074 3484 duobus

72 3511 241 3573 omnibusve
263 3513 432 3574 communia.
473 3510 537 3572 Nec
563 3514 657 3573 statim
682 3511 851 3588 diligentem
872 3507 997 3589 putabo,
1026 3509 1118 3587 quial
