2608 3948
394 234 487 284 mer·
499 233 650 284 oneror.
663 235 733 282 nra.
747 235 797 301 111,
810 233 836 287 o.
1058 224 1116 288 125

113 393 347 462 consideratum·
367 392 418 454 cui
435 391 612 470 diiipentice
627 407 776 470 praeesse
792 391 880 470 opud
894 410 950 454 nos
966 393 1117 456 iuriscom

112 479 185 540 sulti
205 477 430 540 existimantur.
467 473 527 536 Sed
549 474 627 554 quod
648 476 739 555 ipsius
760 474 797 534 de
819 475 863 536 his
879 473 960 536 libris
981 477 1160 547 iudiciumne

112 562 215 638 inerit,
239 577 328 641 supra
350 561 419 622 dixi.
457 560 530 620 Sunt
552 561 627 618 enim
649 559 730 620 velut
753 568 891 637 regestae
912 562 942 620 in
961 560 1015 621 hos
1037 578 1116 623 com-

111 646 286 722 mentarios,
310 660 385 724 quos
406 642 581 704 adolescens
600 641 778 720 deduxerat,
801 643 939 721 scholae,
963 654 993 706 et
1013 647 1038 706 ei
1061 664 1118 727 qua
1181 691 1188 708 .

113 738 159 790 est
180 731 210 790 iu
231 729 276 789 his
300 726 401 806 culpa,
427 726 567 788 tradentis
590 735 650 796 eat;
680 729 743 787 siva
768 744 832 788 eum
853 730 943 790 movit
965 728 1011 807 id,
1039 731 1117 809 qnod

112 813 308 890 Hermagoras
323 813 415 891 prima
431 812 461 871 in
479 810 537 870 hoc
557 809 624 872 loco
642 814 739 891 posuit
759 812 893 892 exempla
915 805 953 874 e'x
970 817 1117 894 quaestio·

112 897 197 957 nibus
215 897 299 964 iuris;
323 897 385 956 sive
408 895 485 974 quod
504 893 608 956 Graeci
627 889 850 978 αραγματιαοῦς
863 908 971 960 vocant
989 901 1060 960 luris
1075 901 1117 960 in·

113 987 270 1060 terpretes.
298 981 358 1042 Sed
372 977 478 1041 dicero
494 978 609 1058 quidem
624 981 669 1041 his
685 981 897 1059 pulcherrimos
911 982 980 1044 illos
996 983 1032 1045 de
1044 980 1160 1047 Ora-60

113 1071 179 1125 tore
199 1064 362 1140 substituit,
385 1065 513 1144 ideoque
540 1065 667 1144 culpari,
692 1074 825 1145 tanquam
846 1067 921 1128 ialaa
943 1069 1115 1147 praecipiet,

113 1165 171 1210 non
185 1158 293 1230 potest.
325 1149 388 1210 Nos
403 1149 439 1210 ad
454 1148 663 1225 Hermagoran.
699 1147 930 1215 Translationem
945 1150 993 1212 hio
1008 1154 1117 1232 primus

113 1235 238 1296 omnium
254 1233 388 1311 tradidit,
413 1250 576 1314 quanquam
598 1235 707 1293 semina
731 1235 794 1294 eins
816 1235 957 1314 quaedam
974 1237 1046 1296 citra
1063 1251 1116 1296 uo·

112 1335 178 1378 men
204 1320 298 1397 ipsum
325 1318 401 1398 apud
426 1317 608 1382 Aristotelen
630 1319 825 1397 reperiuntur.
867 1319 994 1397 legales
1020 1329 1155 1387 nummos

114 1404 302 1482 quaestiones
324 1403 376 1462 has
393 1403 480 1478 iecit,
502 1403 604 1480 scripti
620 1410 649 1462 et
664 1402 839 1479 voluntatis,
863 1403 964 1487 (quam
984 1406 1049 1484 ipso
1064 1419 1117 1464 vo·

114 1495 162 1547 cat
182 1476 260 1546 κατὰ
276 1478 365 1567 ῥητὸν
386 1483 437 1546 καὶ
450 1479 652 1566 ὑπεξαίρεσιν,
670 1484 699 1548 id
719 1497 765 1548 est
785 1487 893 1548 dictum
914 1497 943 1549 et
966 1491 1118 1568 exceptio·

113 1585 195 1646 uem,
212 1587 333 1648 quorum
350 1572 430 1648 prius
446 1571 474 1630 ei
491 1587 556 1630 cum
571 1570 702 1630 omnihus
719 1589 869 1634 commune
885 1581 947 1649 est,
966 1575 1118 1652 exceptio·

113 1656 158 1714 nis
187 1671 294 1716 nomen
322 1656 413 1714 minus
443 1655 596 1734 usitatum)
630 1655 877 1734 ratiocinativum,
911 1656 1117 1735 ambiguitatis,

114 1738 212 1818 legum
235 1741 452 1800 contrariarum.
497 1738 648 1816 Albutius,
671 1738 773 1801 eadem
793 1741 936 1801 divisione
957 1757 1045 1815 usus,
1068 1741 1160 1805 dett

114 1823 201 1883 trahit
217 1823 451 1899 translationem,
472 1822 630 1884 subiiciens
646 1841 709 1884 eam
726 1825 889 1884 iuridiciali.
925 1823 957 1884 ln
973 1823 1118 1902 legalibus

114 1923 232 1986 quoque
255 1907 474 1986 quaestionibus
488 1906 598 1968 nullum
619 1915 700 1986 putat
722 1925 807 1984 esse,
832 1910 880 1986 qui
901 1903 1014 1968 dicatur
1030 1910 1117 1968 retio-

115 1992 266 2052 cinatirus.
304 1993 373 2053 Scio
390 1990 474 2071 plura
487 1993 657 2052 inventuros
673 1991 781 2069 adhuc,
800 1994 849 2071 qui
865 1991 968 2069 legere
984 1993 1117 2072 antiquos
1152 2043 1154 2048 ,

115 2072 273 2136 studiosius
295 2076 412 2152 volent,
435 2075 487 2136 sed
510 2093 546 2136 ne
566 2074 777 2156 huncquoque
799 2077 983 2138 excesserint
1003 2074 1119 2137 modum

113 2175 230 2221 vereor.

199 2245 269 2325 lpse
284 2263 330 2306 me
346 2245 462 2324 paulum
477 2248 506 2308 in
521 2245 587 2322 alia,
605 2263 690 2325 quam
704 2247 785 2325 prius
800 2244 964 2322 habuerim,
982 2242 1160 2325 opinione&

113 2345 190 2390 nnnc
203 2347 271 2390 esse
288 2329 439 2390 confiteor.
466 2328 504 2390 Et
514 2331 642 2392 tortasse
657 2331 829 2390 tutissimum
843 2339 908 2391 erat
922 2330 1017 2392 lamae
1031 2329 1118 2390 modo

116 2413 259 2490 studenti,
279 2412 351 2473 nihil
369 2429 406 2473 ex
428 2430 465 2473 eo
479 2422 607 2489 mutare,
630 2412 708 2492 quod
725 2413 920 2476 multisannis
936 2429 993 2474 non
1009 2415 1118 2475 sensis·

115 2513 179 2558 sem
195 2497 282 2557 modo
294 2513 394 2556 verum
410 2499 495 2557 etiam
510 2496 730 2576 approbassem.
757 2497 817 2558 Sed
833 2513 890 2558 non
905 2499 1036 2559 sustineo
1052 2494 1161 2557 essefit

116 2581 253 2644 conscius
271 2580 338 2640 mihi
360 2580 530 2641 dissimulati
552 2581 597 2658 (in
612 2598 649 2641 eo
665 2582 839 2660 praesertim
857 2597 966 2658 opere,
989 2579 1066 2661 quod
1084 2580 1119 2640 ad

115 2666 258 2728 honorum
279 2666 415 2724 iuvenum
438 2664 563 2742 aliquam
585 2665 738 2725 utilitatem
762 2666 977 2746 componimus)
1004 2664 1033 2724 in
1059 2663 1120 2725 ulla

115 2760 199 2832 parte
222 2748 320 2811 iudicii
341 2749 409 2809 mei.
449 2747 521 2809 Nam
544 2757 574 2808 et
592 2745 804 2827 Hippocrates,
829 2748 925 2809 clarus
946 2757 1009 2809 arte
1029 2747 1120 2809 medi·

116 2837 217 2912 ciuae‚
239 2834 354 2897 videtur
371 2833 577 2894 honestissime
594 2832 721 2911 iecisse,
745 2833 823 2913 quod
840 2834 980 2912 quosdam
1002 2851 1120 2896 errores

117 2937 203 2997 snos,
226 2936 262 2979 ne
278 2919 392 2998 posteri
410 2925 557 2994 errarent,
580 2917 735 2978 confessus
753 2927 812 2987 est;
836 2927 866 2978 et
881 2915 919 2978 hl.
934 2917 1047 2980 l'ullius
1062 2935 1122 2978 non

116 3003 257 3066 dubitavit
278 3002 392 3083 aliquos
409 3005 465 3064 iam
486 3002 580 3064 editos
603 3000 696 3062 libros
716 3002 781 3064 aliis
799 3011 902 3082 postea
922 3003 1040 3083 scriptis
1056 3006 1120 3081 ipse

116 3087 270 3163 damnare,
300 3089 374 3148 sicut
399 3085 532 3149 Catillum
554 3087 808 3166 atquehucullnm
829 3088 935 3148 ethos
957 3089 1059 3166 ipsos,
1083 3085 1120 3144 de

116 3171 221 3251 quibam
236 3170 323 3231 modo
345 3189 407 3230 sum
428 3170 561 3248 locutus,
583 3174 653 3232 artis
674 3171 850 3233 rhetoricae.
884 3169 998 3231 Etenim
1016 3172 1163 3248 super-65

114 3272 226 3316 vacuus
242 3254 320 3315 ioret
334 3257 363 3314 in
384 3255 486 3316 studiis
502 3254 619 3333 longior
636 3255 735 3332 labor,
758 3258 783 3316 si
802 3255 874 3316 nihil
894 3253 999 3316 liceret
1017 3252 1121 3312 melius

114 3341 247 3400 iuvenire
270 3339 446 3418 praeteritis.
483 3336 587 3418 Neque
609 3349 705 3401 tamen
726 3338 880 3419 quidquam
905 3355 942 3397 ex
962 3337 1022 3414 his,
1046 3352 1122 3415 quae

116 3433 176 3484 tum
195 3425 352 3504 praecepi,
371 3439 584 3502 supervacuum
597 3423 665 3494 init;
689 3423 725 3484 ed
743 3422 861 3483 easdem
875 3423 950 3482 enim
964 3421 1121 3502 particulas

117 3507 193 3569 haec
215 3525 350 3589 quoque,
374 3525 449 3587 quae
469 3524 545 3568 nunc
566 3509 761 3587 praecipiam,
784 3514 981 3577 revertentur;
1011 3507 1051 3567 ita
1070 3521 1121 3566 ue·

1205 3555 1295 3668 4
