2570 3946
355 263 445 314 nasu.
462 265 613 316 essuos.
629 269 698 317 mn.
714 253 758 335 II,
777 267 820 321 ιι
1052 259 1092 322 aa

84 430 151 495 tor,
173 417 240 498 quid
261 417 366 482 deceat
393 421 510 499 etquid
534 422 680 498 expediat.
726 422 854 504 Expedit
879 435 972 486 autem
999 446 1091 508 saepe

87 511 199 564 mutare
216 503 322 564 exilio
340 506 497 564 constituto
513 506 677 584 traditoque
693 506 795 570 ordine
815 509 911 588 aliqua
933 520 962 571 et
978 513 1091 573 interim

85 588 189 663 decet,
208 597 239 648 nt
258 589 287 647 in
307 589 410 650 statuis
430 595 519 667 atque
545 590 665 668 picturis
686 591 818 652 videmus
837 595 944 654 variari
964 594 1090 674 habitus,

85 671 192 747 vultus,
208 679 310 732 status.
347 670 419 732 Nam
438 673 513 733 recti
528 673 644 752 quidem
659 678 793 754 eorporis
805 677 855 736 vel
869 680 982 738 minima
997 682 1091 756 gratia

84 765 144 824 est;
167 756 369 834 nempeeuim
397 754 520 818 adversa
543 759 580 818 sit
600 757 693 839 iacies
713 768 742 819 et
765 761 890 822 demissa
916 761 1035 823 brachia
1060 772 1118 833 eto

83 840 172 901 iuneti
186 837 279 918 pedes
295 848 324 900 et
339 857 355 900 a
372 842 488 900 summis
501 841 536 902 ad
552 842 606 903 ima
619 844 718 920 rigens
728 860 818 924 ¹opus.
856 843 965 906 Flexos
980 847 1032 908 ille
1048 855 1088 925 et,

81 933 113 984 ut
129 925 173 984 sio
187 923 324 1000 dixerim,
347 932 441 984 motus
459 925 506 985 dat
521 935 615 986 aetum
637 929 779 1005 quendam
800 937 830 989 et
844 929 988 991 affectum.
1018 930 1089 992 loeo

82 1025 139 1068 nee
158 1007 194 1068 ad
215 1025 300 1068 unum
319 1008 435 1070 modum
455 1009 597 1072 formatae
617 1029 716 1072 manus
738 1023 767 1074 et
787 1015 816 1073 in
830 1013 910 1075 vultu
924 1015 1004 1075 mille
1020 1034 1088 1095 spe·

82 1095 154 1155 sies.
201 1089 322 1152 (iursunr
336 1092 445 1154 halent
459 1095 600 1173 quaedam
617 1104 646 1156 et
665 1097 820 1176 impetum,
843 1098 948 1159 sedent
970 1099 1027 1160 alia
1041 1102 1131 1167 uelit
1257 1165 1259 1169 .

81 1175 260 1246 leonumlonum
286 1175 361 1238 nuda
383 1175 467 1255 luceo,
490 1179 540 1240 illa
554 1179 653 1240 relata
668 1190 749 1257 sunt,
777 1182 918 1260 quaedam
940 1185 1028 1244 mixta
1050 1205 1088 1245 en

81 1270 215 1342 auoque.
261 1259 338 1337 Quid
354 1271 411 1324 tam
430 1263 582 1324 distortum
598 1273 628 1323 et
646 1264 840 1342 elaboratum,
864 1284 950 1346 qnam
970 1277 1016 1327 est
1035 1269 1088 1328 ille

82 1344 253 1408 discobolos
268 1343 423 1422 Myronis?
453 1345 483 1410 Si
505 1349 569 1427 quis
590 1358 701 1425 tamen,
724 1358 756 1409 ut
770 1367 872 1428 pamm
887 1359 1015 1427 rectum,
1036 1354 1087 1411 im·

80 1428 188 1509 probet
209 1446 300 1509 opus:
323 1445 419 1490 nonne
436 1429 472 1491 als
494 1432 644 1493 intellectu
666 1435 735 1494 artis
752 1433 894 1511 abluerit,
912 1436 942 1494 in
964 1451 1019 1514 qua
1038 1435 1088 1496 vel

80 1515 240 1593 praecipue
253 1513 405 1574 laudabilis
418 1523 463 1574 est
475 1517 540 1594 ipsa
550 1516 600 1577 illa
616 1520 729 1578 novitas
742 1535 776 1578 ae
789 1513 966 1579 difficultas?
997 1518 1088 1593 Quam
1096 1532 1125 1586 11

82 1597 197 1676 quidem
214 1598 335 1676 gratiam
350 1607 379 1658 et
394 1597 618 1660 delectationem
633 1601 759 1662 aderunt
770 1601 892 1681 figurae,
910 1620 1043 1683 quaeque
1058 1605 1087 1663 in

81 1681 215 1742 sensibus
231 1697 364 1760 (praeque
375 1683 403 1741 in
418 1682 517 1743 verbis
533 1692 612 1754 sont;
633 1694 741 1746 mutant
757 1688 832 1746 enirn
845 1686 954 1767 aliquid
969 1703 986 1748 a
1002 1697 1086 1748 reoto

80 1775 167 1846 atque
181 1765 257 1826 lranc
272 1782 343 1844 prae
359 1783 392 1826 se
406 1767 543 1828 virtutem
554 1767 661 1830 ierunt.
679 1770 757 1848 quod
768 1788 784 1830 a
797 1770 1008 1832 consuetudine
1022 1771 1086 1832 ιιι-

80 1851 143 1928 gari
171 1859 368 1910 recesserunt.
418 1849 513 1912 llaloet
541 1854 569 1911 in
598 1855 710 1930 pictura
736 1855 866 1933 speeiem
892 1863 953 1914 tota
979 1854 1129 1925 iacies;ll

80 1933 205 2013 Apelles
225 1941 320 1994 tamen
332 1935 485 2012 imaginem
501 1934 639 2013 Antigoni
655 1936 748 1998 latere
759 1945 867 1997 tantum
880 1937 974 2014 altero
988 1947 1086 1999 osten-

80 2019 138 2096 dit,
162 2026 193 2077 ut
215 2018 311 2078 amissi
331 2019 409 2079 oouli
425 2018 592 2080 deiormitas
610 2020 725 2082 lateret.
772 2016 871 2095 Quid?
892 2039 949 2081 non
969 2023 999 2082 in
1022 2039 1086 2083 ora·

78 2105 158 2163 tione
175 2102 333 2182 operienda
349 2111 414 2164 sunt
431 2103 587 2182 quaedam,
611 2106 674 2164 sive
697 2107 811 2166 ostendi
828 2121 885 2166 non
901 2105 1010 2166 debent
1023 2108 1086 2168 sire

81 2188 202 2266 exprimi
227 2202 282 2266 pro
310 2186 450 2266 dignitate
475 2206 533 2249 non
557 2187 701 2268 possunt?
739 2187 778 2250 Ut
806 2189 878 2251 iecit
909 2189 1128 2269 disseminata

79 2267 861 2437 ιιιιιοιιιιιοιιιὴιιιιιςιιιὶιῗιἰιιιιιιιιιιοιιαριιιιωιιιιι
884 2273 1084 2419 'tl'nepppplvpopltp

80 2441 228 2514 chantem,
250 2439 407 2501 tristiorem
421 2438 543 2517 Ulixen,
564 2440 724 2504 addidisset
737 2440 889 2520 Menelao,
909 2459 994 2521 quem
1009 2459 1084 2502 sum-

79 2540 154 2583 mum
169 2529 285 2600 poterat
300 2538 346 2582 ars
370 2524 506 2601 eiiieere,
528 2542 704 2586 maerorem:
727 2527 904 2606 consumptis
919 2525 1084 2601 saecutus,

79 2625 138 2668 non
152 2606 324 2686 reperiens,
349 2624 407 2686 quo
432 2607 519 2685 digne
539 2609 626 2669 modo
640 2611 732 2688 patris
746 2609 856 2670 vultum
870 2617 974 2688 posset
988 2609 1085 2686 expri-

79 2708 170 2767 mere,
186 2689 296 2750 velasit
313 2691 375 2750 eius
391 2700 478 2770 caput
494 2702 523 2753 et
537 2709 590 2751 suo
608 2694 713 2772 cuique
730 2695 823 2753 animo
839 2692 919 2754 dedit
933 2693 1084 2753 aestiman-

81 2777 155 2836 dum.
196 2774 300 2835 Nonne
323 2775 392 2836 lruie
418 2775 513 2836 simile
537 2785 583 2836 est
605 2776 677 2836 illud
696 2775 916 2854 Sallustianum,
943 2774 1024 2840 Nam
1045 2777 1126 2840 deli

82 2859 268 2940 Ocrtlupiue
285 2867 391 2923 tacere
405 2861 506 2922 octium
518 2868 593 2940 pato
609 2876 703 2938 pacm
715 2879 830 2940 parom
851 2862 983 2924 dicere?
1014 2861 1083 2922 Pro·

79 2955 145 3024 pter
161 2945 317 3024 quaemihi
335 2962 453 3025 semper
472 2945 561 3005 moris
581 2944 650 3020 luit,
674 2963 758 3024 quam
772 2947 886 3007 minime
901 2947 1024 3025 alligare
1038 2963 1084 3008 me

80 3030 116 3089 ad
136 3038 311 3108 praecepta,
334 3046 410 3109 quae
434 3020 584 3091 aedelred
597 3031 743 3106 vocitant,
764 3030 794 3092 id
816 3040 861 3093 eat
883 3032 937 3110 (ut
956 3030 1084 3091 dieamus

80 3112 226 3191 quomodo
241 3115 410 3194 possumus)
427 3113 603 3174 universalia
620 3112 670 3174 vel
685 3116 877 3195 perpetualia.
915 3113 993 3174 Raro
1010 3114 1084 3174 eninr

80 3196 228 3275 reperitur
243 3194 301 3256 hoo
314 3213 424 3276 genus,
445 3207 546 3258 utnon
562 3196 733 3259 labefactari
757 3208 841 3278 parte
857 3198 953 3277 aliqua
972 3205 1002 3256 et
1017 3193 1103 3256 suo.

78 3282 123 3340 rui
150 3278 253 3359 possit.
277 3281 356 3380 ‘Sed
377 3280 414 3341 da
435 3280 480 3342 lris
502 3282 618 3361 plenius
639 3299 692 3342 suo
710 3283 836 3362 quidque
857 3282 930 3379 loeo·
948 3279 1083 3340 tractabi-

78 3362 1125 3528 italiaillinitis:altisaltistrititiam

79 3532 218 3610 dicerint,
241 3541 271 3593 et
289 3531 371 3593 velut
386 3533 512 3594 decretis
527 3534 727 3595 technicorum
741 3543 819 3594 tutos
836 3541 945 3612 putent.
990 3531 1082 3593 llulto

875 3616 917 3679 6*

1234 3597 1281 3662 A
