2592 3940
401 232 491 281 mrsu.
506 231 657 283 onnros.
671 231 742 282 urs.
754 233 787 298 u,
799 229 842 287 14.
1058 221 1120 286 245

121 391 216 461 cerel,
237 387 267 448 ai
285 388 331 448 uti
351 387 412 448 illis
425 387 509 448 nullo
520 393 612 465 poeto
628 387 754 463 iceret,
779 386 835 448 hoc
857 405 894 448 ex
909 389 1022 450 ratione
1040 398 1070 452 et
1083 392 1125 450 in-

120 470 250 530 tentione
267 470 421 531 connexio.

204 550 279 612 lluic
293 553 396 630 generi
411 552 591 631 probationis
613 551 704 612 trihus
725 554 945 617 occurritur
964 556 1075 632 modis,
1098 557 1167 623 idio

120 645 167 696 est
181 653 235 715 per
260 653 359 696 omnes
380 644 491 714 partes.
527 634 585 696 Aut
606 637 681 695 enim
706 644 908 715 expugnantur
928 638 1048 699 intentio
1077 649 1126 702 aut

120 720 278 798 assumptio
294 728 342 780 aut
358 717 508 780 conclusio
523 735 725 797 nonnunquam
746 721 856 796 omnia,
874 719 926 781 sed
941 723 1035 782 omnia
1051 723 1125 784 lnaeo

119 803 174 863 tria
188 811 263 863 sunt.
294 801 420 864 Intentio
442 811 640 881 expugnator:
661 799 737 864 lure
754 804 858 866 occidi
877 824 964 882 sum,
982 808 1035 884 qui
1047 808 1123 867 insi-

120 886 224 948 diatus
241 888 290 947 sit.
324 885 397 947 Nam
418 888 508 965 prima
531 888 626 947 statim
644 888 776 963 quaestio
798 904 852 966 pro
869 887 979 950 llilone
996 899 1059 965 est,
1082 908 1124 952 on
1172 891 1174 896 ’

118 969 147 1032 ei
167 969 221 1048 fos
239 971 280 1032 sit
295 971 395 1032 lucem
408 972 539 1048 intueri,
561 973 613 1049 put
633 987 655 1032 o
674 989 709 1032 sc
728 971 878 1034 hominem
897 983 1041 1036 necatum
1057 993 1125 1034 csso

115 1051 264 1130 fateatur.
295 1052 488 1133 Expugnatnr
504 1056 662 1134 assumptio
679 1053 810 1130 omnibus
825 1055 879 1130 iis,
897 1072 971 1133 quae
988 1057 1026 1117 de
1047 1056 1165 1122 rein-21

116 1136 226 1196 tatione
240 1135 372 1198 diximus.
403 1137 442 1198 Et
455 1140 529 1199 ratio
546 1136 660 1216 quidem
674 1152 877 1215 nonnunquam
896 1147 941 1198 est
956 1157 1044 1215 vera,
1060 1157 1125 1201 oum

117 1220 179 1278 cius
200 1222 364 1299 propositio
394 1238 466 1282 uera
495 1235 553 1280 non
578 1222 629 1289 sit;
658 1219 771 1280 interim
797 1236 886 1280 verae
912 1223 1123 1299 propositionis

117 1301 190 1366 falsa
204 1306 278 1364 ratio
296 1313 351 1364 cst.
386 1301 614 1367 viscontonum
634 1312 693 1380 est,
715 1319 814 1364 verum
834 1313 894 1373 est3
918 1304 943 1363 si
957 1306 1021 1383 quis
1035 1307 1123 1366 retio-

117 1403 181 1446 uem
196 1385 345 1462 subiiciat,
370 1389 452 1464 qnod
466 1405 505 1450 co
518 1387 684 1465 locupletes
702 1387 821 1466 saciat:
842 1404 932 1449 verae
956 1389 1123 1448 intentionis

116 1469 190 1529 talea
207 1471 245 1528 sit
259 1471 344 1532 ratio.
379 1465 536 1532 Conclusio
555 1480 649 1533 autem
661 1479 709 1530 aut
723 1487 795 1530 vera
814 1479 948 1549 negatur,
967 1490 1030 1532 cum
1045 1471 1165 1539 aliudnn

116 1551 231 1630 colligit
254 1553 404 1631 nonnil,
431 1554 508 1632 qnod
531 1572 569 1616 ex
586 1553 732 1632 prioribus
755 1553 896 1623 sllicitum
921 1563 969 1616 aut
991 1555 1060 1616 nihil
1088 1555 1123 1622 ad

117 1638 317 1714 quaestionem
332 1635 436 1700 dieitur
453 1639 611 1716 pertinere.
645 1636 711 1698 Non
728 1646 772 1698 est
787 1655 862 1698 vers
877 1639 936 1698 sic:
952 1635 1124 1701 insidiator

115 1721 183 1782 iure
196 1723 369 1793 occiditum
383 1739 456 1784 nom
476 1723 528 1800 psai
547 1723 686 1798 euronii,
701 1731 733 1782 ut
749 1722 810 1782 eim
825 1720 1122 1864 apocatasticus,

116 1805 205 1868 debet
219 1809 311 1868 ctiam
325 1806 434 1885 repelli
451 1815 486 1868 ut
500 1805 613 1874 lrostis,·
636 1812 722 1867 recte
735 1806 832 1883 igitur
871 1806 974 1866 moins
984 1813 1017 1865 nt
1030 1804 1124 1866 leontis

115 1891 237 1952 occisos
252 1898 316 1962 cst‚·
341 1906 400 1950 non
414 1890 525 1967 ntique,
548 1887 673 1950 nonium
689 1890 764 1948 enim
780 1887 910 1948 Clodium
925 1887 1123 1949 insidiatorem

116 1973 303 2037 ostendimus.
337 1972 396 2035 Sed
418 1973 449 2034 lit
462 1989 534 2033 vere
554 1973 715 2033 connexio:
741 1971 835 2034 Recte
848 1973 944 2050 igitur
958 1972 1123 2034 insidiator

84 2071 92 2078 ·
115 2064 148 2118 ut
161 2057 257 2120 tostis
271 2056 425 2120 occiditur
430 2079 444 2125 ‚·
466 2056 537 2117 nihil
552 2057 587 2118 al
602 2072 668 2131 nos,
683 2055 808 2116 nondum
825 2057 900 2116 enim
916 2053 1038 2115 clodius
1053 2057 1121 2116 insi·

4 2143 5 2152 ’
116 2140 210 2201 diator
225 2150 355 2220 apparet.
387 2141 447 2202 Sed
462 2149 493 2201 ut
509 2149 610 2221 potest
622 2157 694 2200 vere
712 2157 780 2200 esse
802 2140 922 2200 intentio
944 2148 974 2199 et
998 2141 1071 2200 ratio
1095 2146 1164 2201 etti

115 2232 210 2283 tamen
225 2225 300 2286 ialsa
318 2225 477 2286 connexio:
496 2226 545 2301 ita,
562 2227 586 2284 si
598 2223 649 2286 illa
660 2222 734 2285 ialsn
747 2231 826 2300 sunt,
841 2240 982 2302 nunquam
994 2231 1039 2285 est
1051 2239 1122 2284 vere

117 2310 270 2368 connexio.
552 2331 557 2342 ·

200 2389 389 2465 Enthymema
409 2389 446 2449 ab
473 2390 537 2450 aliis
561 2390 705 2450 oratorius
726 2387 977 2465 syllogismus
999 2387 1035 2449 ab
1057 2388 1165 2450 allisit

117 2491 185 2552 pars
207 2474 310 2534 dicitur
332 2473 511 2550 syllogismi,
531 2481 690 2551 propteroa
708 2469 788 2548 quod
809 2470 1000 2548 syllogismus
1021 2473 1121 2550 utique

117 2557 334 2617 conclusionem
355 2564 385 2616 et
406 2557 637 2635 propositionem
658 2553 746 2615 habet
772 2563 803 2614 et
825 2571 881 2631 per
905 2569 1005 2614 omnes
1022 2563 1121 2632 partes

117 2640 222 2714 eflicit,
247 2638 325 2718 qnod
345 2640 515 2718 proposuit,
540 2638 721 2714 enthymema
743 2645 851 2698 tantum
871 2637 981 2698 intenta
997 2636 1121 2714 intelligi

117 2731 283 2784 contentum
297 2724 343 2784 sit.
371 2721 565 2800 Sullogismus
576 2722 659 2784 tulis:
677 2720 903 2784 solumbonum
916 2721 1031 2800 virtus,
1048 2730 1162 2784 nomio

114 2807 149 2869 id
171 2808 292 2870 demum
315 2807 425 2870 honam
447 2812 508 2885 est,
529 2822 589 2885 quo
611 2824 699 2869 nemo
720 2804 801 2880 mols
815 2805 860 2867 uti
872 2812 990 2884 ponsa·
1010 2806 1122 2868 oirtnte

114 2910 201 2954 nmmo
217 2891 480 2971 scelestissumi,
503 2890 614 2954 omum
634 2895 679 2952 art
700 2905 774 2968 erpo
792 2890 900 2951 cirne.
931 2886 1122 2964 Enthymame

117 2991 154 3033 ex
170 2974 432 3054 consequentibus:
456 2973 575 3036 Bonam
590 2983 635 3038 est
649 2974 764 3052 motus,
787 2985 849 3052 quo
868 2989 956 3034 nemo
976 2974 1057 3034 mule
1076 2973 1121 3034 uti

112 3063 233 3136 potest,·
256 3069 285 3118 et
301 3068 421 3136 contra,
441 3056 510 3122 Non
531 3064 578 3120 est
596 3058 707 3121 bonnm
719 3059 875 3138 peccunias
895 3074 957 3118 non
974 3054 1120 3116 enimin

115 3158 204 3218 num,
233 3157 292 3219 quo
318 3145 447 3221 griscus
470 3143 551 3204 mole
570 3143 616 3205 ati
637 3149 755 3223 potem
781 3139 915 3220 pecunie
933 3145 1032 3216 potest
1052 3139 1120 3217 pois

4 3233 5 3240 ’
115 3224 197 3286 moto
212 3225 272 3299 uti,
293 3242 353 3286 non
375 3227 471 3304 igitar
489 3227 601 3288 bonum
622 3234 668 3288 est
684 3225 831 3304 pecunia.
874 3220 1062 3296 Enthpmsma
1083 3240 1121 3282 ex

114 3306 325 3388 pugnantibus:
349 3304 398 3369 An
419 3310 527 3372 tonum
551 3309 767 3389 inpeccatis,
795 3322 857 3385 guo
883 3305 1012 3384 quisque
1041 3306 1122 3369 mole

116 3393 162 3455 uti
177 3393 298 3471 potesis
333 3390 370 3453 Si
389 3394 540 3471 pectinis,
557 3407 637 3470 grume
657 3400 703 3456 ost
715 3393 749 3453 in
763 3397 892 3470 argento
905 3389 1041 3468 siponto,
1066 3398 1163 3452 ‹cr-26

115 3483 240 3558 gentum
255 3483 320 3538 cst.-
336 3478 389 3555 poi
403 3482 564 3556 argentum
574 3493 661 3540 onme
671 3475 794 3556 legauit,
809 3479 838 3536 et
846 3474 1024 3556 pecuniam,
1040 3488 1121 3554 quoe
