2570 3946
189 223 227 285 12
505 233 632 282 mnus.
645 230 865 292 Qumummur

186 391 223 452 de
237 393 349 470 gremio
370 399 400 451 et
420 390 538 451 disoere
559 387 638 448 serio
654 386 782 464 inoipiut.
813 385 878 445 lloo
898 384 986 463 igitur
1007 384 1191 463 potissimum

186 476 254 537 loeo
266 474 415 536 troetsndu
427 473 561 553 quuestio
572 478 629 546 est,
645 469 776 530 utilius
793 470 843 529 sit
858 468 950 529 domi
967 476 1076 547 utque
1090 470 1189 531 intro

186 559 355 638 privatos
385 557 557 636 parietes
581 553 793 613 studentem
820 554 1016 612 continere
1044 569 1086 613 on
1112 552 1188 613 ire·

187 642 362 720 quentiae
398 639 608 701 scholarum
640 645 676 696 et
701 636 806 696 velut
830 634 991 715 publiois
1029 653 1189 714 praees·

159 725 359 804 optoribus
377 724 537 785 trudere.
575 719 660 794 Quod
679 719 794 799 quidem
810 721 942 796 onmis,
964 718 1103 798 aquibus
1127 721 1175 783 ela

185 811 362 869 rissimurnm
380 807 525 868 oivitotum
538 820 636 865 mores
651 812 717 863 sunt
731 805 861 879 instituti,
881 810 939 864 tum
955 804 1188 864 eminentissimis

186 890 352 952 suetonius
372 891 458 952 video
480 889 638 969 pluouisse.
680 886 746 947 Non
761 895 807 947 est
827 895 922 948 tomen
943 886 1187 963 dissimulandum,

186 993 254 1036 esse
269 973 441 1051 nonnullos,
463 975 512 1053 qui
528 971 563 1033 nb
577 970 635 1031 hoe
652 986 746 1049 prope
760 969 880 1049 publius
894 986 976 1031 more
991 971 1103 1051 privetu
1117 987 1187 1048 qne·

143 1059 149 1070 '
188 1059 252 1119 dnm
281 1060 471 1138 persuasione
495 1057 674 1117 dissentiant.
717 1053 753 1115 lli
779 1054 849 1115 dnus
875 1054 1033 1134 pruoeipue
1059 1054 1188 1115 rationes

189 1143 273 1220 sequi
293 1141 441 1203 videntur:
467 1155 566 1215 unum,
590 1138 668 1217 quod
692 1137 821 1198 moribus
845 1140 937 1216 magis
964 1137 1116 1199 consulent
1142 1137 1174 1196 iu

187 1225 295 1302 giendo
313 1224 425 1286 turbem
443 1225 587 1286 hominum
609 1225 672 1282 eius
690 1224 808 1297 aetatis,
831 1238 907 1299 quoe
928 1223 965 1281 sit
987 1221 1023 1282 ud
1039 1221 1108 1281 vitio
1128 1238 1187 1280 rnu-

186 1310 263 1370 xime
284 1323 393 1388 prone,
413 1308 489 1368 unde
512 1324 614 1367 oeneus
633 1307 758 1383 turpium
778 1305 922 1365 foetorum
942 1321 1033 1385 ssepe
1053 1305 1188 1364 extitisse

186 1393 292 1452 utinum
307 1391 383 1452 lolso
400 1392 573 1458 ieotmetur3
591 1388 728 1462 alteram,
751 1388 845 1468 quod,
866 1389 996 1468 quisquis
1014 1387 1126 1448 futurus
1142 1395 1188 1448 est

186 1474 238 1535 ille
252 1483 445 1553 prueoeptor,
467 1471 616 1534 liberalius
631 1480 763 1550 tempore
778 1489 829 1532 suu
843 1474 1024 1551 impensurus
1042 1473 1090 1531 uni
1105 1469 1186 1530 ride-

160 1567 247 1634 atur,
270 1575 354 1637 quum
373 1559 397 1617 si
413 1558 515 1619 eodem
529 1557 557 1616 in
572 1555 672 1634 plures
688 1557 836 1634 pertiutur.
865 1555 948 1617 Prior
963 1573 1051 1616 ouusu
1065 1570 1188 1634 prorsus

185 1643 294 1718 gravis.
332 1639 404 1702 Nom
425 1643 450 1701 si
474 1641 576 1701 studiis
603 1638 718 1719 quidem
745 1638 863 1700 soboles
887 1640 1032 1719 prodesse
1056 1637 1185 1698 moribus

185 1733 281 1784 nutem
302 1740 412 1786 nooere
435 1731 597 1785 constaret:
622 1724 720 1802 potior
739 1723 807 1783 mibi
828 1723 903 1784 rutio
923 1722 1040 1783 vivendi
1062 1721 1186 1782 honeste

187 1824 271 1886 mum
290 1808 338 1868 vel
360 1809 469 1888 optime
493 1805 606 1867 dicendi
627 1805 785 1866 videretur.
822 1807 881 1867 Sed
901 1824 966 1867 mee
989 1806 1104 1884 quidem
1120 1821 1186 1864 sen-

185 1892 273 1951 tentis
298 1893 395 1952 iunetu
414 1893 470 1952 istu
491 1899 579 1969 utque
600 1889 757 1950 indisereta
783 1899 858 1950 sunt.
896 1889 1001 1969 Neque
1022 1890 1097 1954 euim
1118 1905 1186 1948 esse

186 1983 332 2035 oratorem
353 1976 408 2036 nisi
431 1974 537 2035 bonnm
555 1975 647 2033 virum
672 1973 785 2050 iudioo,
816 1983 847 2033 et
872 1973 935 2034 lieri
957 1974 1069 2034 etiamsi
1088 1979 1189 2051 potest

171 2055 266 2118 nolo.
298 2057 345 2119 De
362 2057 418 2118 hue
433 2076 466 2117 re
482 2058 570 2135 igitur
588 2057 678 2134 prius.

161 2149 180 2202 4
271 2139 423 2220 Gormmpi
437 2157 534 2200 mores
549 2141 578 2199 in
592 2138 702 2200 sobolis
717 2148 830 2219 putenm
846 2158 911 2201 nom
922 2149 952 2201 et
967 2147 1188 2217 corrumpuntur

187 2225 317 2300 interim,
342 2223 396 2284 sed
418 2223 494 2285 domi
514 2239 648 2302 quoqne,
672 2230 702 2283 et
717 2232 784 2284 sunt
803 2223 891 2285 multe
906 2226 969 2284 eius
989 2225 1033 2283 rei
1052 2222 1187 2300 exemplu

187 2315 245 2367 tent
263 2306 362 2368 loesue
382 2306 504 2368 hercule
520 2324 604 2386 quom
625 2316 817 2369 oonservutee
836 2308 1017 2368 sanctissime
1032 2305 1187 2384 utrobique

188 2391 342 2469 opinionis.
372 2389 480 2452 Netum
502 2393 642 2469 cuiusque
656 2399 748 2450 totum
769 2407 896 2469 suraque
916 2389 1011 2450 distet.
1042 2387 1087 2449 Du
1107 2407 1186 2448 men-

186 2483 245 2534 tem
264 2473 299 2534 nd
318 2476 420 2554 peiore
435 2474 567 2552 ieoilem,
587 2475 623 2536 du
637 2474 845 2552 negligentium
864 2473 1006 2535 formandi
1021 2471 1186 2534 eustodien-

186 2557 274 2636 dique
295 2560 324 2618 in
346 2567 441 2620 uetutu
463 2559 553 2638 primu
572 2557 709 2638 pudoris:
731 2573 789 2617 nou
808 2558 948 2619 minorem
967 2556 1084 2635 flagitiis
1100 2573 1186 2616 oeen-

185 2643 296 2702 sionem
315 2651 431 2702 seoretu
450 2642 646 2721 praebuerint.
678 2640 750 2701 Num
770 2649 801 2701 et
818 2650 917 2722 potest
937 2643 1030 2720 turpis
1046 2657 1114 2701 esse
1134 2639 1186 2700 do-

184 2726 322 2786 mesticus
338 2725 388 2786 ille
404 2734 595 2805 praeceptor,
611 2742 668 2785 neo
682 2726 770 2786 tutior
784 2726 860 2787 inter
874 2743 978 2787 servos
993 2725 1086 2787 mulos
1101 2741 1186 2804 quom

161 2809 327 2884 tingenuos
343 2825 441 2887 perum
455 2810 604 2870 modestos
621 2811 805 2870 conversatio
820 2819 876 2870 est.
903 2808 942 2870 At
958 2811 983 2869 si
999 2808 1075 2871 bono
1093 2809 1185 2889 ipsius

184 2890 315 2968 indoles,
336 2894 360 2953 si
381 2910 440 2954 non
461 2894 550 2954 oeeoti
569 2909 605 2953 no
624 2893 721 2970 sopite
740 2902 890 2970 parentum
909 2893 1045 2954 sooordin
1069 2900 1129 2953 est:
1156 2900 1187 2950 et

187 2985 411 3055 praeceptorem
424 2974 537 3055 eligere
552 2975 762 3035 senetissimnm
774 2994 916 3055 quemque
931 2975 1028 3056 (ouius
1043 2979 1086 3037 rei
1101 2992 1185 3054 prue-

188 3058 272 3138 oipou
292 3059 480 3138 prudentibus
506 3075 575 3119 oure
600 3058 662 3137 est)
687 3066 717 3117 et
740 3059 936 3138 disciplinam,
967 3078 1041 3140 quae
1062 3060 1185 3120 menime

186 3159 291 3203 serem
312 3143 417 3218 luerit,
444 3143 530 3218 lieet,
559 3149 589 3200 et
609 3140 792 3203 nihilominus
814 3144 934 3204 amioum
953 3161 1073 3222 gravem
1095 3143 1186 3202 virum

186 3233 234 3285 unt
249 3225 366 3287 fidelem
380 3225 515 3287 libertum
530 3225 615 3285 luteri
629 3223 681 3285 lilii
699 3227 744 3285 sui
760 3226 935 3304 adiungere,
956 3229 1037 3288 ouius
1053 3225 1185 3286 assiduus

186 3310 337 3369 comitatus
354 3311 439 3370 etium
453 3307 521 3370 illos
536 3308 674 3372 meliores
689 3307 792 3386 iaciat,
816 3312 865 3389 qui
878 3310 1060 3372 timebuntur.

159 3397 177 3452 6
268 3391 368 3453 Feoile
389 3401 451 3453 eret
471 3393 554 3454 buius
574 3401 667 3453 metus
689 3394 856 3455 remedium.
892 3393 1007 3457 Utinam
1028 3392 1186 3453 liberomm

183 3483 349 3535 nostrorum
363 3491 461 3536 mores
478 3494 536 3538 non
552 3478 608 3556 ipsi
623 3475 823 3556 perderemus.
853 3475 1003 3539 lnlnntium
1023 3477 1118 3537 stetim
1132 3474 1183 3535 de·
