2608 3948
408 217 840 284 ruanonurouunuuna.
1066 209 1125 271 tol

129 374 347 436 circumstantes
362 371 534 450 intelligant.
558 371 591 430 ln
606 388 665 450 quo
679 388 790 448 genere
807 371 938 449 plurimis
955 373 1055 454 liguris
1071 376 1127 435 erit

127 456 263 518 varianda
285 455 432 533 expositio
453 454 489 514 ad
513 453 708 533 elllrgiendum
729 454 856 515 taedium
877 464 947 516 nota
971 457 1125 536 audientis,

127 543 202 600 sicut
217 537 396 615 Meministi,
420 546 449 598 et
459 534 608 616 ,tortosa
621 555 848 618 supervacuam
863 539 960 618 fiterit
978 541 1027 602 ltin
1048 561 1127 604 oom-

126 625 262 691 moram·
277 619 343 684 Sed
358 622 433 700 quid
453 640 508 700 epo
523 622 654 694 diodus,
670 639 739 683 oum
754 629 786 682 ta
801 624 911 701 optim
924 626 1029 693 acria·
1049 626 1128 687 tttnd

127 707 219 786 poulo
240 701 296 782 sit,
317 712 350 768 in
370 705 477 768 ccicc?
499 705 589 765 ethis
611 704 723 765 similia.
751 704 888 785 Alioqui,
912 708 937 766 si
959 709 1034 788 apud
1055 707 1169 769 indi-tt

128 808 209 865 cern,
238 790 282 849 cui
302 799 370 850 uota
395 798 565 866 causaest,
590 789 716 848 narratio
739 806 856 868 semper
880 790 997 852 videtur
1024 809 1126 870 super·

127 891 236 949 vacua,
259 881 358 950 potest
377 872 469 932 videri
486 888 544 931 nou
562 887 679 950 semper
700 889 768 931 esse
790 873 875 934 ctiam
896 875 960 952 ipsa
983 877 1059 935 actio
1076 892 1126 934 ne·

129 973 267 1018 cessaria.
487 983 490 990 ¹
1004 981 1006 988 ,

212 1038 344 1100 Alterum
371 1049 432 1115 est,
461 1039 497 1100 de
523 1040 580 1119 quio
607 1039 787 1116 frequentius
816 1042 980 1119 quaeritur,
1009 1059 1053 1101 an
1078 1035 1170 1102 ,aaut

127 1125 254 1203 utique
277 1124 444 1185 narratio
467 1123 661 1201 prooemio
687 1122 947 1192 subiicienda;
974 1125 1052 1202 quod
1078 1126 1128 1205 qui

127 1208 281 1286 opinantur
289 1252 304 1286 ,
321 1223 378 1267 non
393 1214 515 1285 possunt
526 1205 620 1266 rideri
638 1202 717 1264 nulla
731 1205 843 1265 ratione
858 1205 946 1266 ducti.
973 1206 1046 1266 Nam
1064 1226 1129 1267 cum

127 1291 310 1370 prooemium
329 1291 440 1352 idcirco
463 1297 660 1368 comparatum
682 1289 735 1364 sit,
758 1296 789 1348 ut
809 1289 901 1349 iudex'
918 1289 954 1350 ad
972 1307 1034 1350 rem
1052 1292 1128 1351 acci-

128 1373 265 1452 piendam
288 1374 338 1433 liat
363 1373 562 1448 conciliatior,
591 1370 731 1448 docilior,
759 1373 909 1443 intention
939 1382 968 1433 et
994 1373 1128 1452 probatio

127 1458 183 1516 nisi
201 1473 288 1517 causa
303 1457 382 1534 prius
401 1456 516 1532 cognita
538 1473 596 1516 uon
610 1456 704 1534 possit
725 1452 872 1517 adhiberi:
895 1457 1026 1537 protinus
1041 1457 1130 1518 iudex

128 1541 230 1600 notitia
249 1556 345 1600 rerum
368 1538 550 1599 instruendus
571 1539 694 1600 videtur.
730 1539 790 1600 Sed
806 1539 864 1601 hoc
880 1557 997 1620 quoque
1016 1539 1171 1601 interimit

129 1631 218 1684 mutat
237 1622 369 1683 condicio
389 1639 554 1691 causarum
577 1623 632 1682 uisi
650 1623 728 1682 lorte
748 1621 787 1682 lli.
811 1623 922 1684 Tullius
945 1625 974 1683 in
997 1626 1129 1684 oratione

128 1706 336 1786 pulcherrima,
354 1724 439 1785 quam
453 1722 506 1784 pro
522 1705 631 1768 llilone
646 1706 784 1785 scriptam
798 1708 933 1787 reliquit,
950 1707 1025 1767 male
1041 1706 1129 1767 distu-

128 1791 200 1852 lisse
223 1791 415 1850 narrationem
436 1790 550 1851 videtur
570 1789 662 1851 tribus
690 1791 868 1868 praepositis
894 1790 1128 1869 quaestionibus;

129 1881 177 1934 aut
199 1873 360 1952 profuisset
384 1890 551 1952 exponere,
580 1872 725 1952 quomodo
748 1873 866 1945 insidias
887 1871 988 1934 lliloui
1007 1874 1130 1935 iecisset

130 1953 267 2033 Clodius,
288 1956 312 2015 si
327 1975 425 2033 reum,
445 1957 494 2036 qui
513 1975 530 2017 a
545 1974 577 2028 se
591 1955 737 2016 lrominem
752 1957 882 2017 occisum
899 1956 1055 2034 lateretur,
1079 1958 1129 2018 de·

128 2039 207 2100 leudi
223 2041 337 2100 omniuo
359 2039 404 2101 las
420 2057 477 2100 non
492 2040 612 2116 inisset,
632 2047 680 2100 aut
695 2041 720 2098 si
740 2039 797 2100 iam
812 2041 993 2119 praeiudicio
1011 2050 1129 2103 senatus

128 2124 276 2184 damnatus
292 2134 373 2185 esset
386 2123 472 2200 tuto,
495 2134 544 2185 aut
564 2125 589 2184 si
605 2120 657 2183 (ln.
674 2122 847 2202 Pompeius,
870 2126 919 2205 qni
940 2133 1063 2204 propter
1078 2123 1129 2184 ali·

128 2225 213 2286 quam
229 2209 350 2286 gratiam
363 2209 498 2270 iudicium
513 2209 599 2270 etiam
611 2206 749 2268 militibus
766 2209 881 2269 armatis
899 2207 1055 2284 clauserat,
1068 2217 1128 2270 tan·

129 2307 214 2368 quam
229 2290 369 2351 adversus
386 2293 413 2352 ei
430 2293 588 2353 timeretur.
620 2289 701 2368 Ergo
723 2290 780 2351 luae
802 2308 919 2372 quoquc
942 2293 1172 2371 quaestionestd

128 2374 185 2431 vim
201 2375 345 2451 prooemii
363 2373 546 2451 obtinebant,
567 2393 630 2435 cum
646 2392 747 2434 omues
768 2375 894 2435 iudicem
909 2384 1128 2454 praepararent.

129 2455 190 2515 Sed
210 2473 264 2534 pro
275 2456 393 2516 Vareno
410 2474 526 2538 quoque
540 2466 645 2536 postea
660 2458 787 2517 narravit
806 2475 891 2536 quam
905 2456 1022 2518 obiecta
1037 2458 1129 2519 diluit.

132 2538 218 2612 Quod
234 2539 284 2600 det
299 2540 423 2616 utiliter,
445 2542 578 2619 quotiens
593 2557 652 2601 uon
665 2538 869 2621 repellendum
884 2547 991 2600 tautum
1004 2542 1060 2601 erit
1076 2541 1130 2599 cri-

129 2640 196 2683 men
218 2623 272 2684 sed
296 2624 383 2683 etiam
403 2623 650 2699 transferendum,
673 2631 705 2682 ut
725 2624 806 2701 prius
829 2623 874 2684 his
898 2622 1028 2685 defensis
1051 2623 1132 2684 velut

129 2707 238 2767 initimu
263 2708 301 2766 sit
324 2706 410 2766 alium
432 2707 566 2785 culpandi
587 2707 731 2781 narratio,
753 2713 785 2764 ut
805 2707 834 2766 in
853 2723 998 2768 armorum
1016 2709 1131 2768 ratione

130 2791 275 2870 antiquior
303 2791 425 2852 cavendi
453 2809 537 2870 quam
562 2792 650 2851 ictum
675 2789 818 2850 inferendi
844 2808 914 2851 cura
940 2801 994 2853 est.
1039 2789 1171 2852 uruntur

128 2874 271 2954 quaedam
294 2892 400 2936 causae
422 2874 534 2953 (neque
555 2873 584 2934 id
603 2874 686 2954 raro)
711 2873 829 2933 crimine
850 2875 982 2956 quidem,
1013 2876 1049 2937 de
1072 2892 1131 2956 quo
1240 2919 1243 2926 .

129 2959 259 3034 cognitio
276 2966 337 3036 est,
357 2958 461 3020 faciles
476 2958 513 3019 ad
527 2957 691 3018 diluendum
706 2957 760 3017 scd
775 2957 871 3019 multis
884 2968 1037 3022 anteactae
1052 2961 1131 3019 ritae

128 3038 247 3117 flagitiis
262 3051 292 3103 et
308 3043 446 3119 gravibus
462 3051 617 3112 oneratae;
641 3057 716 3121 quac
732 3042 811 3121 prius
826 3042 986 3104 amovenda
1002 3050 1083 3117 snut,
1099 3049 1132 3100 ut

130 3123 274 3201 propitius
302 3125 391 3186 iudex
415 3126 617 3188 deiensionem
639 3125 729 3204 ipsius
754 3127 882 3204 negotii,
906 3128 987 3187 ouius
1032 3125 1131 3202 ropria

129 3207 265 3284 quaestio
293 3216 355 3283 est,
383 3208 493 3270 audiat:
520 3219 568 3286 ut,
596 3212 621 3271 si
646 3207 844 3271 defendendus
871 3210 908 3269 sit
932 3209 971 3272 tl.
1000 3142 1129 3283 gnatius,

128 3305 227 3349 noune
244 3292 353 3370 optime
367 3300 507 3371 patronus
522 3302 656 3356 occurrat
670 3293 749 3372 prius
765 3292 905 3353 conviciis
920 3291 1062 3367 luxuriae,
1078 3309 1130 3370 pe·

127 3372 287 3451 tulautiao,
307 3375 501 3454 impudicitiae
518 3394 602 3456 quam
617 3376 768 3452 veneficii,
786 3374 934 3454 inquibus
950 3374 1022 3435 solis
1038 3374 1130 3435 omnis

129 3452 284 3518 ciceronis
299 3468 434 3520 versatur
449 3460 556 3531 oratio;
575 3469 634 3522 tum
648 3457 753 3521 deiude
767 3467 866 3519 narret
881 3458 918 3520 de
931 3459 1016 3521 bouis
1030 3458 1130 3520 Pallae
