2608 3948
158 171 218 232 156
471 183 507 230 nn.
526 182 605 230 sno.
623 180 843 241 qumnsnunnr

111 335 371 417 mquaestionibns
384 335 489 414 singuli
501 351 606 394 sensus
620 335 648 394 in
659 326 840 413 prooemium
858 334 1053 397 conferantur.
1083 336 1156 398 Nam

152 421 204 482 ille
220 437 277 480 non
292 420 358 500 noe
366 419 451 496 dicit,
469 418 522 478 sed
538 418 574 478 ad
591 418 807 496 potentissimas
825 420 1012 497 quaestiones
1030 420 1156 482 iudicem

152 502 398 584 praeparandum
419 503 526 581 inquo
549 501 610 561 vitii
633 501 702 562 nihil
728 510 806 577 erat,
827 501 883 562 nisi
900 502 928 560 in
942 504 1110 564 universum
1126 504 1156 564 id

139 589 358 667 praeciperet,
385 585 464 665 quod
490 602 546 644 nec
573 587 664 645 omnis
691 585 823 666 quaestio
849 586 956 664 patitur
981 605 1038 648 nec
1064 590 1155 648 omnis

153 689 241 734 causa
258 670 416 732 desiderat.
454 667 526 729 Naro
546 670 677 746 protinus
700 686 717 730 a
732 670 859 747 petitore
874 671 968 748 primo
984 670 1070 748 loco,
1090 671 1156 732 dum

152 758 252 833 ignota
268 754 355 814 iudici
370 753 406 814 lis
419 760 474 830 est,
489 752 634 830 quomodo
648 771 686 813 ex
702 752 919 833 quaestionibus
935 753 1073 815 ducemus
1088 773 1154 816 sen·

152 835 280 899 tentiasi
294 837 425 897 nimirum
440 854 490 897 res
503 845 586 896 erunt
599 836 770 897 indicandae
783 839 872 916 prius.
905 837 1014 898 Demus
1026 837 1153 919 aliquam

154 923 242 1000 (nam
266 920 295 981 id
315 921 417 998 exiget
436 921 510 980 ratio
532 922 755 1000 nonnunquam)
784 922 908 982 etiamne
938 922 1155 1001 potentissimas

153 1022 271 1080 omnes,
296 1005 325 1066 id
348 1013 393 1064 est
408 1012 497 1066 totam
513 1001 649 1065 cansam?
672 1005 717 1064 sic
738 1005 793 1064 erit
811 1007 840 1064 in
861 1007 1014 1084 prooemio
1035 1015 1157 1086 peracta

111 1089 288 1156 osnarratio.
336 1087 411 1162 Quid
427 1083 522 1148 vero?
543 1089 585 1164 si,
608 1097 639 1148 ut
660 1089 830 1165 frequenter
851 1089 974 1166 accidit,
995 1089 1084 1170 paulo
1109 1097 1155 1150 est

152 1173 251 1234 durior
266 1189 370 1233 causa:
395 1189 453 1234 non
469 1171 667 1234 benivolentia
687 1171 789 1232 iudicis
809 1172 936 1252 petenda
957 1191 995 1234 en
1009 1173 1073 1236 aliis
1088 1191 1154 1252 par·

152 1256 228 1318 tibus
245 1257 310 1333 erit,
329 1255 455 1318 sednon
471 1265 537 1318 ante
555 1256 711 1317 conciliato
728 1257 789 1315 eins
806 1257 899 1318 animo
914 1257 990 1318 nuda
1007 1259 1153 1336 quaestio·

152 1358 219 1400 num
243 1341 438 1400 committetur
463 1336 630 1419 asperitas?
671 1338 754 1412 Quae
780 1340 805 1400 si
833 1349 915 1402 recte
936 1358 1053 1420 semper
1073 1342 1154 1402 initio

111 1423 267 1492 addicendi
290 1431 500 1485 tractarentur:
529 1422 599 1484 nibil
624 1425 777 1502 prooemio
806 1440 880 1504 opus
906 1432 996 1486 esset.
1047 1425 1153 1503 Aliqua

153 1523 226 1585 ergo
242 1523 454 1586 nonnunquam,
472 1523 547 1585 quac
562 1515 646 1567 erunt
661 1507 698 1567 ad
709 1507 919 1570 conciliandum
932 1508 1016 1569 nobis
1029 1509 1153 1570 iudicem

152 1591 363 1671 potentissima,
380 1607 437 1651 non
454 1590 592 1651 inutiliter
606 1592 718 1651 interim
738 1609 776 1652 ex
787 1591 1005 1670 quaestionibus
1021 1594 1050 1654 in
1068 1609 1153 1653 exor-

153 1675 201 1736 dio
218 1673 399 1736 locabuntur.
437 1674 520 1748 Quae
540 1676 595 1734 sint
611 1691 701 1754 porro
717 1676 746 1735 in
761 1677 857 1736 causis
873 1676 1061 1753 favorabilia,
1085 1694 1153 1736 enu-

151 1777 266 1819 merare
283 1776 341 1819 non
359 1767 405 1819 est
420 1776 557 1836 necesse,
574 1759 708 1838 qnoniam
720 1768 750 1819 et
763 1760 915 1820 manifesta
927 1768 1020 1837 erunt,
1036 1761 1154 1838 cognita
1269 1802 1275 1810 -

158 1844 298 1923 cuiusque
317 1843 538 1904 controversiae
552 1843 740 1920 condicione,
760 1852 789 1904 et
804 1845 897 1904 omnia
914 1843 1016 1922 colligi
1031 1846 1059 1904 in
1076 1851 1154 1904 tanta

110 1925 243 1995 itlitium
267 1927 410 1988 varietate
431 1943 490 1988 non
510 1935 642 2004 possunt.
687 1925 725 1986 Ut
752 1937 851 1988 autem
877 1927 952 1988 baec
972 1929 1102 1988 invenire
1123 1935 1156 1987 et

153 2027 282 2088 augere,
304 2011 343 2070 ita
367 2011 445 2089 quod
466 2010 554 2070 laedit
576 2019 624 2070 aut
645 2012 759 2070 omnino
774 2011 924 2090 repellere
940 2018 989 2070 aut
1006 2018 1087 2069 certe
1102 2011 1154 2068 mi·

151 2111 253 2170 nuere,
271 2112 310 2154 ex
326 2111 414 2154 causa
436 2101 490 2154 est.
530 2091 679 2154 illiseratio
694 2110 812 2173 qnoque
828 2092 980 2171 aliquando
996 2109 1035 2152 ex
1051 2091 1154 2152 eadem

110 2177 247 2251 nevenit,
271 2177 334 2236 sive
362 2176 429 2257 quid
455 2177 535 2255 passi
560 2194 657 2236 snmus
678 2194 768 2255 grave
793 2177 855 2235 sive
876 2176 999 2254 passuri.
1048 2174 1154 2254 Neque

154 2261 229 2319 enim
244 2278 307 2319 sum
323 2262 352 2320 in
367 2260 422 2320 bac
440 2261 587 2340 opinione,
605 2277 661 2340 qua
676 2259 806 2338 quidam,
820 2268 851 2319 ut
866 2277 902 2319 eo
921 2258 1029 2320 distare
1045 2275 1153 2339 prooe-

152 2345 237 2402 mium
250 2342 285 2403 ab
302 2343 422 2422 epilogo
438 2344 565 2421 credam,
582 2343 659 2423 quod
670 2345 699 2402 in
713 2342 770 2402 boc
781 2344 939 2422 praeterita
951 2344 979 2403 in
990 2343 1042 2407 illo
1058 2344 1153 2404 lotura

152 2425 296 2495 distantum
325 2428 378 2488 sed
401 2427 478 2507 quod
499 2429 527 2488 in
548 2430 682 2505 ingressu
704 2427 820 2504 parcius
843 2437 872 2488 et
893 2427 1053 2503 modestius
1069 2444 1153 2506 prae·

151 2510 315 2590 temptanda
331 2512 367 2571 sit
382 2511 485 2574 iudicis
503 2509 719 2585 misericordia,
735 2511 764 2569 in
783 2511 904 2591 epilogo
916 2529 989 2572 vero
1005 2511 1094 2572 liceat
1108 2519 1152 2571 to·

151 2602 198 2653 tos
218 2593 369 2655 effundere
393 2595 515 2656 affectus
537 2603 567 2654 et
588 2593 682 2655 flctam
707 2595 867 2656 orationem
882 2595 1002 2656 induere
1017 2596 1152 2674 personis

152 2685 183 2737 et
204 2677 357 2737 defunctos
385 2681 515 2741 excitare
544 2687 574 2739 et
602 2679 724 2758 pignora
742 2696 859 2740 reorum
875 2679 1055 2759 producere;
1078 2695 1153 2757 qnae

108 2761 243 2824 caminus
265 2762 293 2821 in
306 2762 441 2823 ,exordiis
465 2771 530 2822 sunt
555 2763 668 2824 usitata.
709 2762 767 2824 Sed
783 2763 872 2837 baec,
890 2781 964 2842 quae
980 2781 1067 2842 supra
1083 2761 1153 2837 dixi,

151 2860 210 2904 non
224 2861 344 2906 movere
360 2855 478 2922 lantum,
494 2864 595 2907 verum
607 2865 646 2907 ex
657 2846 774 2906 diverso
786 2845 897 2906 amoliri
913 2863 1029 2926 quoque
1045 2861 1152 2925 proce·
1237 2883 1243 2894 ·

150 2929 208 2987 mio
234 2943 308 3008 opus
333 2938 388 2990 est.
427 2927 465 2990 Ut
480 2938 576 2989 autem
587 2938 717 2990 nostrum
730 2928 934 3006 miserabilem,
953 2931 979 2989 si
993 2930 1152 3004 vincamur,

153 3013 275 3074 exitum:
296 3013 336 3073 ita
359 3012 591 3074 adversariorum
613 3010 786 3091 superbum,
810 3014 835 3071 si
854 3013 993 3091 vicerint,
1014 3012 1085 3074 utile
1107 3020 1153 3072 est

109 3094 243 3158 bocredi.
278 3095 338 3158 Sed
363 3113 402 3156 ex
424 3095 468 3156 bis
491 3111 624 3174 quoque,
647 3112 722 3175 quae
737 3112 795 3155 non
813 3105 878 3156 sont
892 3113 1081 3175 personarum
1096 3112 1153 3155 nec

153 3197 315 3256 causarum,
331 3195 431 3240 verum
448 3179 580 3240 adiuncta
596 3180 729 3258 personis
751 3187 781 3240 et
797 3181 903 3257 causis,
919 3181 986 3242 duci
1001 3180 1152 3260 prooemia

151 3263 257 3324 solent.
294 3261 431 3324 Personis
453 3261 635 3340 applicantur
655 3279 712 3323 non
729 3265 852 3342 pignora
868 3263 966 3343 modo,
989 3266 1025 3325 de
1048 3262 1152 3342 quibus

140 3351 240 3426 'snpra
261 3346 338 3422 dixi,
361 3345 414 3406 sed
429 3346 683 3425 propinquitates,
705 3348 864 3425 amicitiae,
886 3349 999 3408 interim
1013 3349 1151 3425 regiones

153 3431 239 3489 etiam
262 3429 470 3508 ciuitatesque,
491 3430 565 3490 etsi
591 3430 659 3512 quid
680 3430 756 3492 aliud
778 3433 840 3492 eius
866 3449 952 3513 quem
972 3430 1151 3491 defendimus
