2608 3948
186 229 246 292 tto
501 237 875 298 n.ras.oumr1e1sn1
918 231 926 246 ·

184 399 283 476 potior
304 397 409 458 inisset
431 395 507 472 apud
529 411 575 454 me
599 391 752 453 Ciceronis
773 392 933 468 sententia,
960 392 1008 470 qui
1024 392 1083 452 lroe
1104 401 1198 452 mate·
1276 405 1277 410 ’

184 482 246 540 riae
268 497 362 558 genus
385 479 525 556 dignitate
548 477 672 536 maxime
694 477 837 536 eontineri
852 484 943 554 putat.
988 473 1059 535 Nee.
1081 473 1199 552 dubito,

185 565 253 641 quin
277 562 307 623 hi
314 608 322 638 ,
346 563 394 640 qui
417 561 532 620 suntin
555 559 605 621 illa
629 560 730 638 priore
753 561 914 633 sententia,
949 557 1108 619 seeundum
1131 561 1200 637 opi·
1278 550 1279 590 ³

183 648 301 707 aionem
323 643 547 724 pulcherrimam
564 660 602 702 ne
623 643 694 703 utile
714 643 844 722 quidem,
860 643 915 702 nisi
939 642 1017 720 quod
1041 641 1200 702 honestum
1279 695 1280 698 ,

154 739 281 806 nosset,
305 727 504 788 existimarint.
538 725 576 786 llt
597 735 643 786 est
663 727 739 787 haee
761 727 835 786 ratio
857 727 1026 800 verissima,
1050 727 1075 784 si
1099 728 1200 786 eonsi-
1280 766 1281 786 t

184 814 253 874 lium
278 813 428 888 contingat
450 827 568 889 semper
591 809 735 870 bonorum
757 818 846 888 atque
867 810 1050 888 sapientium.
1086 808 1201 869 Verum
1281 873 1282 888 ,

184 897 261 975 apud
277 896 446 973 inperitos,
466 894 543 972 apud
560 909 634 972 quos
652 893 823 972 frequenter
837 892 960 954 dicenda
979 894 1123 954 sententia
1139 903 1199 969 est,

183 979 381 1122 ttttlttti
396 975 1201 1138 tittttutitntilli,lii‘tltltiit

69 1204 73 1216 ,
155 1144 279 1208 electus
302 1144 488 1223 loquendum.
532 1144 604 1204 Snnt
625 1145 701 1205 enim
722 1144 819 1220 multi,
844 1145 893 1223 qui
913 1145 1016 1219 etiam,
1040 1161 1116 1222 qnae
1133 1161 1201 1203 cre·
1284 1197 1285 1212 ,

184 1228 253 1290 dunt
274 1228 416 1304 honesta,
440 1244 499 1288 non
519 1237 615 1288 tamen
633 1230 704 1288 satis
723 1227 826 1289 eadem
851 1228 931 1289 utilia
954 1245 1073 1307 quoque
1096 1229 1200 1287 existi·
1284 1227 1285 1244 ³

184 1321 280 1387 ment,
304 1321 334 1372 et
355 1329 431 1390 qnae
454 1313 549 1390 turpia
571 1328 639 1370 esse
662 1311 795 1371 dubitare
818 1328 876 1371 non
897 1322 1037 1390 possunt,
1065 1311 1201 1372 utilitatis
1285 1323 1286 1326 ’

184 1396 287 1474 speeie
306 1394 385 1456 ducti
402 1394 545 1472 probent,
563 1403 594 1453 ut
612 1394 718 1455 ioedus
735 1393 936 1456 Numantinum
950 1397 1108 1474 iugumque
1122 1393 1200 1454 (lau-
1286 1414 1287 1434 ¹

156 1479 288 1539 odinum.
325 1476 371 1535 Ne
394 1476 540 1556 qualitatis
563 1477 680 1556 quidem
703 1487 797 1555 statu,
821 1481 851 1539 in
874 1496 932 1558 quo
957 1486 988 1539 et
1007 1479 1202 1540 honestorum
1287 1522 1288 1528 κ

186 1569 215 1621 et
240 1559 351 1620 utilium
370 1561 503 1638 quaestio
521 1569 582 1636 est,
607 1562 766 1640 complenti
785 1581 837 1624 eas
860 1566 931 1623 satis
954 1572 1010 1622 est.
1044 1561 1117 1624 Nam
1136 1563 1200 1621 ire-

186 1651 311 1722 quenter
332 1645 361 1702 in
389 1644 433 1705 his
463 1645 549 1704 etiam
573 1647 761 1706 eonieeturae
789 1646 874 1706 locus
900 1656 964 1722 est,
994 1663 1203 1725 nonnunquam

185 1735 327 1787 tractatur
344 1727 441 1806 aliqua
463 1728 570 1804 linitio,
593 1729 749 1808 aliquando
768 1731 854 1789 etiam
872 1729 987 1808 legales
1010 1739 1135 1808 possunt
1157 1730 1202 1788 in-

187 1810 287 1870 uidere
304 1819 460 1887 tractatus,
484 1813 644 1890 inprinata
661 1814 785 1873 maxime
806 1813 945 1889 consilia,
966 1816 990 1872 si
1009 1816 1124 1893 quando
1141 1831 1202 1872 am-

159 1893 296 1972 ottqtnn
319 1912 355 1954 an
377 1895 474 1955 liceat.
513 1894 558 1955 De
574 1897 743 1957 coniectura
770 1897 860 1975 paulo
881 1906 955 1976 post,
970 1897 1113 1976 pluribus.
1154 1896 1203 1957 ln-

186 1979 270 2037 terim
302 1986 347 2038 est
374 1977 504 2039 delinitio
534 1980 610 2058 apud
635 1979 873 2055 Demosthenen,
901 1980 963 2042 Det
989 1979 1206 2042 Halonnesum

186 2059 357 2140 Pltilippne,
373 2079 415 2123 on
431 2062 567 2124 reddat?
582 2063 658 2143 apud
677 2061 851 2123 Ciceronem
868 2065 896 2121 in
913 2063 1095 2140 Philippicis,
1114 2060 1208 2136 Quid

185 2143 225 2203 eit
239 2145 407 2205 tumultus?
440 2143 537 2218 Quid?
555 2163 612 2207 non
625 2145 675 2206 illa
693 2146 795 2205 similis
811 2144 988 2206 iudicialium
1009 2147 1146 2223 quaestio
1163 2147 1206 2208 de

186 2233 280 2286 statua
300 2226 396 2286 Servii
418 2227 558 2307 Sulpicii,
581 2249 623 2291 att
637 2229 685 2290 nte
706 2231 827 2291 dannan
845 2231 994 2307 ponenda
1016 2231 1074 2306 sil,
1092 2233 1147 2310 qni
1167 2233 1204 2292 t'n

153 2317 174 2371 ,⁶
185 2309 336 2386 loquutione
358 2310 446 2388 [erro
465 2319 537 2374 eant
555 2313 748 2393 interempti?
785 2309 868 2390 Ergo
897 2331 966 2392 pars
994 2313 1201 2392 deliberativa,

187 2406 262 2468 quae
279 2391 381 2453 eadem
399 2398 571 2459 suasoria
588 2397 703 2472 dieitur,
721 2397 759 2457 de
772 2405 907 2476 tempore
924 2397 1023 2458 futuro
1041 2398 1202 2475 consultat,

186 2476 301 2552 quaerit
323 2478 410 2538 etiam
432 2478 469 2539 de
489 2483 660 2558 praeterito.
708 2479 821 2541 Ollioiis
851 2490 967 2541 constat
996 2481 1110 2542 dnobus
1134 2499 1201 2541 sua·

186 2557 272 2619 deudi
294 2576 331 2620 ao
352 2560 548 2622 dissuadendi.

271 2641 443 2718 Prooemio,
467 2645 555 2722 quale
572 2655 618 2706 est
632 2648 661 2706 in
683 2645 884 2723 iudicialibus,
908 2665 966 2708 non
983 2649 1092 2728 ubique
1119 2659 1201 2728 eget,

187 2723 253 2798 quia
279 2727 452 2787 eoneiliatus
471 2736 516 2787 est
534 2729 561 2788 ei
582 2731 723 2808 quisque,
744 2748 831 2808 quem
851 2732 988 2792 consulit.
1025 2733 1140 2794 initium
1158 2741 1200 2793 ta·

186 2817 253 2861 men
275 2804 471 2885 quodeunque
492 2809 581 2872 dehet
601 2811 711 2872 habere
733 2814 860 2892 aliquam
883 2817 1031 2893 prooemii
1053 2819 1200 2897 speeiem:

137 2955 141 2969 ἱ
186 2888 375 2963 nequeenim
398 2887 523 2968 abrupte
544 2911 600 2953 nee
621 2896 699 2954 unde
721 2894 805 2956 libuit
829 2898 1041 2976 incipiendum,
1065 2902 1132 2980 quia
1156 2909 1201 2962 est

159 2967 295 3045 taliquid
322 2969 351 3027 in
379 2973 457 3029 omni
478 2977 600 3034 materia
621 2977 792 3038 naturaliter
812 2980 944 3056 primum.
983 2982 1016 3042 ln
1041 2995 1144 3046 senatu
1172 2994 1203 3044 et

187 3051 286 3129 utique
304 3052 333 3111 in
353 3053 538 3115 contionibus
556 3058 658 3119 eadem
676 3061 752 3118 ratio
770 3077 846 3137 quae
861 3064 938 3141 apud
952 3065 1077 3144 iudices,
1101 3069 1202 3147 aequi-

187 3133 296 3195 rendae
313 3135 369 3195 sibi
383 3136 557 3217 plerumque
569 3157 682 3218 eorum,
700 3142 778 3219 apud
795 3161 871 3223 quos
885 3147 1041 3211 dicendum
1052 3153 1101 3228 sit,
1119 3151 1202 3212 heni-

188 3217 345 3278 velentiae.
391 3218 456 3280 Nee
479 3223 598 3299 mirum,
621 3242 686 3284 eum
708 3227 795 3287 etiam
814 3229 843 3288 in
864 3229 1056 3310 Panegyriois
1084 3244 1204 3314 petatur

188 3301 362 3362 audientium
384 3304 486 3382 lavor,
509 3304 558 3366 ubi
582 3308 806 3371 emolumentum
828 3329 885 3372 non
907 3316 936 3375 in
957 3318 1083 3378 utilitate
1104 3319 1204 3397 aliqua

158 3381 241 3444 eset
263 3385 292 3442 in
315 3385 379 3447 sola
402 3386 491 3449 lande
513 3393 657 3453 oonsistit.
704 3394 883 3457 Aristoteles
910 3398 1027 3478 quidem
1055 3421 1111 3463 nee
1138 3403 1205 3462 sino

189 3480 276 3526 eausa
300 3477 382 3546 putat
401 3479 431 3531 et
448 3489 466 3533 a
483 3483 629 3537 nostrast
651 3477 687 3538 alt
707 3480 787 3554 eins,
806 3480 855 3558 qui
873 3480 1044 3562 dissentiet,
1061 3503 1204 3564 persona,
