2608 3948
186 199 246 261 174
492 211 528 256 ns.
544 209 623 257 nnn.
640 207 859 267 pumannum

184 365 311 444 aliquid,
333 364 411 444 quod
439 381 476 423 ex
497 362 617 438 invidia,
642 378 725 442 quam
747 360 894 438 expositio
921 359 1080 421 adversarii
1102 361 1184 438 iecit,
1290 345 1291 352 ἵ

185 447 296 509 detrahi
310 449 421 527 possit,
446 463 510 506 cum
527 447 612 504 etiam
632 446 711 504 servi
726 444 818 504 nostri
838 444 874 504 de
890 444 1020 524 peccatis
1035 443 1096 504 suis
1111 444 1185 505 mol·

143 531 241 596 lolius
257 533 419 610 loquantur.
459 527 607 602 Quaedam
629 529 704 588 enim
725 528 807 607 quasi
824 544 883 587 non
903 536 1052 588 narrantes
1073 527 1185 605 mitiga·

184 615 291 676 bimus:
313 613 382 677 Non
397 614 537 692 qaaere,
557 619 592 673 at
605 612 809 675 aduersarius
828 613 917 689 dicit,
938 611 1094 674 amidam
1107 611 1185 690 farti

184 701 217 762 io
233 701 374 778 templum
390 695 506 773 attolit,
526 713 584 758 occ
599 697 654 758 diu
669 695 806 775 captavit
822 695 888 756 eius
903 696 951 757 rci
970 703 1107 774 tempos;
1128 695 1186 756 sed

184 784 347 846 accamooe
357 788 387 845 ct
400 778 542 841 abiendo
555 781 713 842 amodum
726 786 892 857 comptus
903 787 933 842 ct
943 780 1091 858 pecuaria,
1105 794 1186 857 quae

184 867 310 929 modam
330 865 362 926 irs
379 863 492 925 asinos
511 862 663 925 laninam
681 869 796 942 potest,
817 863 917 924 uictam
938 870 992 926 ast.
1030 860 1112 934 octa
1132 882 1184 924 ra-

183 950 268 1029 perti
278 947 425 1027 peccauit
434 953 464 1010 ct
474 945 529 1024 sur
542 953 596 1023 est,
612 953 641 1007 et
651 946 728 1007 oiltil
737 946 844 1008 attinet
855 946 892 1007 id
905 946 1083 1024 defendere,
1096 949 1187 1007 cadas

143 1043 175 1100 71
181 1030 387 1112 poeuam'rrors
400 1047 590 1092 recommota.
623 1028 740 1088 Interim
758 1029 840 1109 quasi
854 1028 1019 1089 damnemus
1034 1031 1107 1108 ipsi:
1134 1026 1187 1091 Vis

184 1123 214 1178 tc
225 1115 328 1178 dicam
342 1115 412 1177 aista
425 1113 610 1192 impulsum?
624 1131 732 1175 errore
746 1113 889 1191 tapsum?
902 1119 991 1174 nocte
1003 1112 1188 1191 deceptumit

183 1215 262 1262 aera
275 1206 347 1260 suot
360 1200 422 1260 ista
433 1198 585 1276 sortasser
603 1203 634 1259 ta
645 1203 746 1260 tameo
755 1196 919 1275 iapcnuom
929 1197 1089 1275 stuprasti,
1103 1197 1189 1256 satae

186 1286 292 1347 decem
309 1283 405 1344 milia.
438 1279 648 1359 Nonnunquam
668 1279 870 1359 propositione
891 1278 1065 1358 praemuniri
1086 1286 1187 1356 potest

142 1379 290 1442 toeausa,
306 1365 411 1426 deinde
427 1365 544 1443 exponi.
572 1361 723 1424 Contraria
738 1371 804 1423 sunt
820 1363 913 1422 omnia
928 1361 1019 1423 tribus
1035 1361 1119 1438 liliis,
1136 1364 1187 1442 qui

184 1452 214 1510 in
228 1453 352 1509 mortem
365 1449 456 1527 patris
474 1449 672 1508 coniurarant:
695 1447 790 1507 sortiti
811 1454 900 1506 nocte
915 1445 1021 1524 singuli
1040 1462 1094 1525 per
1110 1448 1185 1507 ordi·

186 1551 251 1593 nem
275 1550 340 1592 oum
361 1532 440 1592 ferro
464 1530 627 1591 cubiculum
648 1532 790 1591 intrarunt
812 1539 896 1609 patre
918 1530 1094 1598 dormiente;
1122 1545 1186 1589 cum
1282 1515 1291 1536 '*

144 1609 326 1682 rsoc'ctucrs
342 1633 406 1675 eum
421 1631 506 1676 nemo
522 1615 682 1694 potuisset,
700 1616 828 1674 excitato
846 1615 939 1673 omnia
955 1613 1125 1673 indicarunt.
1154 1614 1186 1672 Si

73 1731 83 1754 ι
185 1710 281 1761 tamen
302 1708 402 1779 pater,
420 1700 468 1776 qui
488 1699 585 1759 divisit
606 1699 806 1776 patrimonium
829 1706 859 1757 et
879 1713 947 1757 reos
967 1697 1114 1776 parricidii
1134 1697 1184 1756 de·

186 1784 293 1859 iendis,
316 1785 360 1843 sio
375 1791 457 1860 agat:
481 1781 570 1855 Quod
585 1788 695 1843 contro
710 1782 806 1861 lepem
827 1781 958 1861 suffici,
977 1781 1185 1860 parricidium
1290 1785 1291 1816 ³

186 1868 330 1931 obiicitur
343 1867 521 1943 iuuenibus,
536 1882 665 1945 qaorum
676 1873 769 1944 pater
782 1866 855 1928 eicit
869 1873 962 1943 atque
975 1866 1066 1926 etiam
1081 1864 1186 1926 liberis

185 1953 253 2014 sois
266 1952 368 2013 adest.
393 1947 539 2012 Ordinem
550 1951 598 2010 rei
611 1966 748 2012 narrare
763 1950 839 2028 qaid
852 1968 977 2011 accessa
990 1958 1045 2025 cst,
1062 1967 1131 2010 cum
1141 1948 1185 2009 ad
1290 2007 1291 2012 ,

185 2035 281 2112 dapem
301 2035 377 2096 rrilsii
392 2035 571 2113 pertineat?
598 2035 656 2094 scd
675 2035 703 2094 si
726 2034 944 2112 consessionem
967 2034 1078 2112 culpae
1100 2049 1186 2094 meae
1290 2039 1291 2090 l

186 2118 327 2195 eaiqitisr
347 2117 395 2194 sui
412 2122 505 2194 pater
522 2117 621 2185 dorus
638 2124 667 2178 ct
678 2117 871 2195 patrimonii,
894 2117 975 2195 qaod
995 2117 1058 2178 iam
1077 2115 1186 2176 melias
1290 2133 1291 2164 1

186 2200 226 2261 ab
247 2199 296 2260 itis
315 2201 529 2262 administrari
546 2207 685 2279 poterat,
708 2207 802 2261 terrac
823 2207 945 2271 custos;
973 2198 1077 2260 deinde
1097 2196 1185 2258 subii·
1290 2203 1291 2236 l

144 2283 275 2346 licitur:
298 2280 475 2345 stimulatos
493 2283 534 2346 ab
555 2284 613 2359 iis,
636 2297 763 2360 quorum
782 2285 1021 2364 indulperrtiorcs
1039 2291 1187 2362 parentes

186 2372 291 2443 crarst,
307 2373 542 2446 sampertameo
557 2365 699 2429 tabuisse
713 2386 781 2430 eum
796 2368 946 2445 animum,
962 2369 1014 2447 qai
1025 2368 1066 2429 sit
1078 2371 1186 2429 meatu
1290 2425 1291 2441 ,

186 2449 965 2534 deprehensas,utocciderepatrerrsrsooposserst.
987 2450 1186 2531 Nequeeaim
1290 2463 1291 2466 ’

184 2533 387 2599 iureiurando
400 2553 478 2616 opus
494 2536 610 2614 samse,
627 2537 656 2596 si
675 2536 791 2614 alioqui
803 2536 861 2599 ltoc
875 2537 983 2597 mentis
997 2535 1184 2608 habuissent,
1290 2563 1291 2568 κ

185 2638 244 2682 nec
257 2629 356 2697 sorte,
371 2621 432 2682 uisi
447 2619 531 2699 quod
543 2638 577 2681 se
593 2619 720 2698 quisque
736 2621 829 2681 omrai
841 2620 982 2682 adurit:
1004 2619 1097 2677 omnia
1112 2617 1186 2677 haec

188 2702 398 2782 qualiacunque
415 2702 623 2783 placidioribus
644 2703 743 2764 animis
763 2704 944 2782 accipientur
961 2701 1012 2762 illa
1026 2701 1109 2761 brevi
1127 2703 1185 2779 pri·
1290 2766 1291 2780 χ

145 2793 252 2851 lamae
268 2788 478 2865 propositionis
495 2784 668 2848 defensione
683 2787 803 2848 mollita.
833 2785 872 2846 dt
887 2804 951 2846 cnm
966 2786 1123 2865 quaeritur,
1139 2783 1186 2843 An

187 2867 294 2928 iactum
309 2866 367 2928 sill
395 2870 463 2947 vel,
486 2870 581 2944 Quale
598 2871 705 2932 laetum
721 2867 780 2931 siti
807 2870 877 2930 lieet
899 2870 992 2930 omnia
1009 2877 1109 2929 eontra
1130 2884 1185 2926 nos
1290 2939 1291 2950 χ

188 2952 258 3011 sint:
280 2954 425 3032 quomodo
448 2964 544 3015 temen
560 2957 670 3016 evitare
686 2955 899 3033 expositionem
915 2952 998 3014 salva
1014 2959 1122 3014 causae
1139 2968 1184 3010 ra·

187 3036 266 3096 tione
289 3035 466 3116 possumus?
503 3037 638 3098 Narravit
662 3046 816 3099 accusator
841 3054 938 3115 neque
967 3039 1007 3096 ita
1031 3045 1078 3112 ut,
1109 3052 1184 3115 quae

189 3129 288 3181 essent
303 3129 378 3198 aeta,
395 3130 503 3183 tantum
517 3121 672 3191 indicarem
693 3119 747 3181 sed
761 3119 868 3180 adiecit
881 3121 1025 3196 invidiam,
1041 3137 1104 3180 rem
1119 3136 1185 3177 ven·

187 3200 232 3262 bis
249 3207 449 3285 exasperavit,
466 3213 656 3265 accesserunt
670 3203 876 3284 probationes,
894 3205 1044 3284 peroratio
1058 3201 1186 3263 incendit
1290 3199 1291 3220 ³

146 3292 180 3350 76
188 3294 218 3346 et
240 3287 344 3368 plenos
367 3290 429 3348 irae
451 3286 577 3365 reliquit.
623 3286 769 3366 Expectat
791 3288 960 3350 naturaliter
983 3287 1088 3363 iudex,
1117 3284 1185 3365 quid
1290 3282 1291 3304 ¹

188 3381 322 3432 narretur
341 3369 468 3432 anobis.
506 3371 537 3432 Si
558 3371 628 3434 nihil
649 3373 835 3452 exponimus:
857 3372 908 3434 illa
930 3390 1014 3448 esse,
1036 3387 1111 3449 quae
1135 3366 1184 3428 ad·

185 3456 334 3514 versarins
353 3453 446 3532 dixit,
471 3463 501 3514 et
522 3453 607 3531 talia,
635 3456 730 3536 qualia
753 3456 838 3533 dixit,
862 3457 961 3517 eredat
981 3471 1106 3516 neeesse
1127 3459 1183 3512 est
