2570 3946
390 219 805 288 rnsn.onnnon.n1o.1,o.
1053 209 1093 270 35
1139 181 1144 192 x

95 376 241 440 ouinslam
259 379 307 438 est'
323 386 355 438 at
369 377 494 438 'frivolae
515 379 544 437 in
564 378 661 455 parvis
683 377 846 438 iactantiae.
883 375 1002 438 lllultum
1021 381 1134 442 animal

93 463 254 538 litteratas,
278 463 407 540 quisine
428 463 607 540 aspiratione
627 469 656 521 et
671 461 813 539 producta
830 461 958 522 seeundo
980 460 1093 538 syllaba

92 546 225 607 salutarit
240 546 351 625 (unere
366 554 411 605 est
424 547 514 626 enim)
527 554 557 604 et
573 546 748 624 calefacere
763 545 867 606 dixerit
882 547 994 624 potius,
1010 564 1094 625 quam
1121 569 1123 574 ¹

94 630 173 709 quod
195 631 331 704 dioirnus,
357 634 388 688 et
407 631 656 700 conservavimus
679 629 723 688 bis
746 629 861 690 adiiciat
879 631 953 708 foce
974 638 1003 689 et
1024 633 1094 692 diae

90 725 123 793 et
142 714 255 775 similia.
292 713 384 772 Reota
407 721 452 772 est
472 713 546 773 baso
563 715 626 788 via,
649 715 712 790 quis
735 711 844 791 negati
866 714 919 774 sed
935 715 1048 776 adiuuet
1066 725 1140 777 ettu

85 799 210 859 mollior
232 806 264 856 et·
281 797 373 874 magis
396 799 471 856 trita.
514 796 579 875 Ego
602 807 696 856 tamen
718 813 775 856 non
796 797 854 858 alio
876 799 967 874 magis
989 815 1092 877 angor,

86 885 179 960 uuam
205 879 282 959 quod
304 880 429 959 obliquis
458 880 575 940 nasibus
602 881 680 940 ducti
702 883 788 940 etiarn
809 883 917 960 primas
937 881 993 942 sibi
1014 885 1092 960 posi·

92 969 188 1026 tiones
203 982 260 1025 non
282 966 410 1024 invenire
431 963 485 1024 sed
501 973 611 1024 mutare
632 967 814 1042 permittunt:
835 974 867 1024 ut
882 983 946 1026 oum
968 967 1045 1028 ebur
1064 975 1093 1026 at

94 1051 205 1118 robur,
228 1051 267 1109 ita
282 1048 357 1110 dieta
371 1066 406 1108 ao
426 1049 534 1126 seripta
550 1050 665 1107 summis
683 1047 867 1124 auctoribus,
888 1051 918 1108 in
933 1069 951 1110 o
969 1049 1092 1112 litteram

85 1135 239 1195 -seo'undae
261 1132 393 1208 syllabae
415 1131 607 1206 transferunt,
635 1133 701 1209 qrria
723 1134 761 1191 sit
787 1133 907 1195 roboris
928 1143 958 1192 et
980 1136 1091 1212 eboris,

93 1219 194 1298 sulfur
214 1226 312 1278 autem
329 1226 357 1277 et
370 1225 477 1295 puttur
491 1235 512 1278 u
527 1216 650 1276 litteram
666 1215 694 1274 in
708 1217 837 1292 genitivo
854 1225 989 1286 servent;
1011 1219 1091 1280 ileo·

93 1309 150 1380 que
169 1305 259 1364 ieeur
280 1303 365 1362 etiarn
389 1309 419 1360 et
438 1301 541 1379 femur
564 1301 793 1359 controversiam
819 1298 961 1360 iecerunt.
1007 1298 1141 1375 Quodne·

91 1403 150 1446 non
169 1387 263 1446 minus
282 1393 327 1446 est
343 1384 540 1461 licentiosum,
565 1401 647 1462 quarn
664 1385 688 1442 si
703 1384 815 1462 enisuri
829 1392 859 1444 et
872 1386 990 1463 puttoni
1004 1384 1090 1444 subii·

94 1475 194 1530 oer'ent
216 1471 245 1530 in
264 1469 394 1546 genitivo
415 1468 539 1528 litteram
559 1488 577 1528 o
598 1467 736 1543 mediam,
759 1469 825 1545 quia
847 1477 927 1528 esset
942 1469 1043 1530 eboris
1062 1477 1092 1528 et

85 1555 233 1622 ·r0bmis,·
255 1554 330 1612 siout
352 1551 493 1612 Antonius
511 1549 640 1630 Gnipho,
664 1552 711 1628 qui
726 1553 822 1612 robur
843 1552 957 1630 quidem
971 1561 1001 1612 et
1015 1553 1092 1614 ebur

91 1647 180 1715 atque
203 1637 288 1698 etiam
308 1655 448 1698 marmur
467 1634 574 1695 fatetur
594 1652 678 1708 esse,
700 1653 800 1695 veram
821 1635 884 1696 lieri
905 1636 967 1695 vult
987 1654 1025 1696 ex
1046 1637 1090 1696 lris

94 1723 228 1797 robure,
254 1722 370 1798 ebora,
395 1730 564 1782 murmuro.
601 1717 712 1792 Quodsi
734 1720 993 1780 animadverterent
1015 1721 1134 1783 tute-as

86 1813 190 1866 ‘rarum'
209 1804 390 1880 affinitatem,
413 1805 522 1864 seirent
542 1805 586 1862 sio
608 1803 644 1862 ab
667 1819 721 1878 eo,
745 1803 823 1881 quod
844 1813 890 1863 est
911 1806 1016 1875 robur,
1038 1824 1090 1867 ro-

33 1929 37 1936 ·
92 1891 177 1951 toris
196 1889 274 1965 lieri,
295 1888 440 1967 quomodo
462 1887 497 1947 ab
521 1903 577 1962 eo,
597 1887 675 1964 quod
698 1893 743 1945 est
763 1888 849 1948 miles
864 1889 966 1964 limes,
989 1889 1091 1950 miuus

91 1973 210 2050 limitis,
229 1974 326 2034 iudom
340 1973 471 2043 uindex,
490 1971 767 2046 iudicisoindiois,
788 1977 817 2030 et
836 1988 911 2048 quae
930 1980 1017 2050 supra
1036 1973 1090 2032 iam

92 2057 201 2134 attigi·
227 2055 301 2129 Quid
321 2072 393 2115 vero
416 2054 510 2134 quod,
540 2061 571 2114 ut
592 2052 774 2131 dioebamns,
797 2055 908 2115 similes
930 2057 1132 2155 positionesib

90 2143 119 2200 in
136 2141 225 2218 longe
240 2140 370 2200 diversas
386 2139 492 2218 ligurus
508 2155 562 2239 per
578 2136 714 2238 oblipuos
729 2155 814 2200 easus
830 2146 947 2214 exeunt,
963 2148 1011 2199 ιιι
1004 2140 1092 2220 oirpo

91 2224 186 2302 trun,
195 2225 296 2303 funus
309 2225 411 2298 lusus,
433 2225 538 2303 cuspis
550 2225 664 2302 puppis
691 2231 720 2283 et
737 2223 817 2284 mille
835 2219 911 2283 alia?
934 2241 997 2284 eum
1020 2223 1090 2284 illud

92 2310 178 2370 etiam
193 2308 320 2384 aecidat,
343 2317 374 2368 ut
389 2307 527 2387 maedam
542 2307 693 2385 pluraliter
708 2308 927 2384 nundinantur,
950 2308 1090 2387 quaedam

92 2399 193 2452 eontra
208 2391 347 2468 singulari
362 2406 497 2469 numero,
513 2391 652 2469 quaedam
668 2391 783 2452 casibus
797 2401 931 2466 careant,
951 2391 1090 2470 quaedam

92 2474 220 2552 aprinis
235 2476 329 2534 statim
342 2475 533 2554 positionibus
549 2482 609 2534 tota
625 2483 777 2550 mutentur,
793 2485 823 2535 ιιι
832 2473 980 2554 luppiter.
1005 2474 1090 2548 Quod
1097 2479 1132 2532 ιδ

91 2557 190 2617 uerbis
206 2559 291 2617 etiam
308 2559 412 2620 aooidit
428 2569 458 2618 ιιι
470 2559 512 2618 illi
525 2561 610 2638 fero,
628 2559 709 2618 ouius
725 2560 912 2637 praeteritum
927 2557 1089 2636 perfeetum

90 2653 122 2702 et
138 2641 259 2704 ulterius
277 2658 335 2701 non
355 2643 505 2702 invenitur.
541 2640 604 2702 Neo
624 2641 774 2742 plurimum
792 2640 900 2716 refert,
923 2641 1001 2702 nulla
1016 2641 1090 2702 liaeo

91 2746 126 2786 an
149 2727 291 2805 praedura
312 2728 378 2786 sint.
428 2723 499 2785 Nam
520 2725 588 2803 quid
604 2727 767 2804 proueniat
788 2727 916 2802 genitivo
939 2725 1088 2804 singulari,

91 2811 158 2890 quid
179 2809 283 2890 plurali
301 2829 373 2890 apes
394 2805 503 2872 laniet?
525 2807 677 2882 Quomodo
701 2818 795 2870 autem
817 2810 907 2888 quire
927 2818 956 2870 et
977 2830 1090 2894 urpere

85 2895 139 2957 uel
160 2897 189 2956 ln
206 2897 363 2974 praeterita
382 2894 507 2973 patiendi
523 2891 609 2952 modo
631 2891 703 2952 vel
694 2911 722 2951 ιιι
741 2895 893 2973 partieipia
909 2881 1089 2956 transibunt?

85 2979 166 3052 ,Quid
184 2978 219 3040 le
238 2977 300 3039 aliis
320 2979 427 3054 dinam,
449 2995 512 3038 oum
530 2985 657 3038 senatus
675 2981 776 3041 senati
791 2997 829 3040 an
845 2988 974 3041 sanutus
989 2979 1088 3055 faeiat,
1096 2985 1130 3040 ιι

92 3065 232 3122 incertum
253 3061 312 3123 sit?
345 3062 441 3136 Quare
460 3062 526 3122 mihi
541 3078 597 3121 non
616 3062 767 3124 invenuste
785 3063 841 3123 diei
858 3063 989 3138 videtur,
1012 3060 1089 3122 aliud

92 3161 161 3205 esse
175 3144 273 3206 Latine
288 3147 365 3207 aliml
383 3147 567 3223 grammatice
583 3144 672 3223 loqui.
702 3146 747 3206 llo
762 3148 798 3207 de
814 3147 949 3224 analogia
965 3147 1087 3206 nimium.

175 3227 428 3307 Etymologia,
458 3247 532 3307 quae
559 3228 714 3290 verborum
741 3233 882 3309 originem
911 3231 1043 3309 inquirit,
1073 3237 1132 3291 aio

91 3312 237 3374 Gioerone
259 3312 335 3374 diota
358 3323 403 3372 est
423 3315 553 3391 notatio,
582 3314 647 3391 quia
670 3330 773 3376 nomen
795 3317 858 3376 eins
878 3314 954 3393 apul
976 3312 1087 3374 Aristo·

89 3397 178 3458 telem
199 3399 344 3460 iuvenitur
364 3390 526 3476 σύμβολον,
550 3397 627 3475 quod
650 3407 804 3468 ostentm·
825 3415 891 3458 nam
911 3396 1030 3459 verbnm
1051 3415 1089 3458 ex

91 3481 182 3542 verbo
199 3481 330 3558 alnetum,
352 3480 379 3541 id
397 3489 443 3541 est
459 3482 676 3558 veriloquium,
699 3484 763 3560 ipse
780 3480 974 3624 Gioerodffui
997 3482 1088 3557 linxit,

1147 3557 1276 3632 „n
