2570 3946
211 220 251 284 7⁰
530 231 894 292 nnaamooruururuur

208 389 325 452 Latinos
343 404 414 449 vero
430 387 545 450 dicendi
558 395 770 466 praeceptores
786 388 924 446 extremis
939 385 970 446 h.
985 386 1084 449 crassi
1099 399 1210 470 tempo-

208 475 288 535 ribus
310 474 448 552 coepisse
466 469 572 533 Cicero
596 479 700 530 auctor
722 479 783 539 est;
810 485 931 550 quorum
952 473 1072 549 insignis
1089 477 1210 535 maxime

208 557 318 620 Plotius
333 557 396 618 luit.

209 711 258 762 DE
280 707 478 775 thermum
494 707 778 841 obnuouumon‘r
797 707 1093 762 lllS'l'OlllGllllllhl
1109 710 1209 762 APUD

596 791 699 842 RHET
731 790 819 841 REM.

292 889 329 949 V.
363 889 423 950 Sed
438 888 475 950 de
495 888 608 949 ratione
629 886 810 949 declamandi
832 896 899 966 post
922 888 1049 966 paulurn.
1084 887 1209 965 Interim,

209 975 278 1054 quia
293 975 385 1053 prima
400 972 564 1033 rhetorices
581 972 741 1033 rudimenta
758 981 931 1048 tractamus,
950 987 1008 1032 non
1025 971 1211 1032 omittendum
1265 1039 1266 1046 ,

208 1058 324 1118 videtur
342 1057 371 1117 id
393 1074 529 1136 quoque,
550 1067 582 1117 ut
602 1072 750 1133 moneam,
775 1065 911 1136 quantum
933 1057 970 1116 sit
992 1056 1151 1117 collaturus
1173 1059 1211 1117 ad

208 1142 372 1222 proiectum
388 1140 558 1202 discentium
573 1140 684 1216 rhetor,
701 1141 743 1217 si,
759 1139 999 1219 quemadmodum
1014 1159 1030 1200 a
1047 1143 1210 1219 grammati-

209 1227 252 1287 cis
273 1227 401 1304 exigitur
420 1234 573 1304 poetarum
596 1225 757 1285 enarratio:
779 1226 819 1284 ita
841 1225 906 1303 ipae
931 1241 1048 1303 qnoque
1071 1224 1211 1285 historiae

208 1319 296 1391 atque
312 1311 399 1370 etiam
419 1311 512 1386 magis
531 1311 692 1368 orationum
713 1307 840 1368 lectione
864 1317 1021 1388 susceptos
1044 1327 1060 1368 a
1076 1325 1109 1368 se
1124 1308 1211 1368 disci-

208 1393 294 1474 pulos
310 1393 495 1459 iustnrxerit;
518 1391 596 1471 quod
611 1407 665 1452 nos
680 1393 710 1451 in
729 1394 846 1470 paucis,
869 1409 991 1471 quorum
1008 1392 1037 1453 id
1053 1400 1133 1452 aetas
1149 1395 1211 1452 eri-

183 1477 297 1555 tgebat
312 1485 342 1536 et
356 1485 494 1555 parentes
511 1475 582 1537 utile
598 1494 665 1536 esse
684 1475 882 1552 crediderant,
901 1478 1090 1536 servavimus.
1124 1474 1211 1537 Gete-

208 1578 272 1622 rum
287 1560 477 1620 sentientibus
495 1560 551 1620 ianr
572 1569 631 1620 turn
647 1563 755 1640 optima
770 1559 844 1621 duae
859 1579 909 1620 res
924 1560 1129 1639 impedimento
1147 1562 1210 1621 fue·

208 1655 285 1721 ruut,
301 1644 378 1725 qnod
394 1654 423 1705 et
438 1644 527 1720 longa
542 1644 722 1704 consuetudo
738 1643 823 1706 aliter
834 1643 959 1704 docendi
974 1644 1087 1704 lecerat
1102 1645 1222 1722 legem,

209 1739 239 1790 et
250 1729 362 1790 robusti
377 1728 442 1788 lere
457 1731 576 1788 iuvenes
592 1728 734 1788 uechunc
749 1727 881 1790 lahorem
896 1727 1097 1789 desiderantes
1113 1747 1211 1788 exem·
1265 1731 1266 1736 ’

183 1814 288 1892 3plum
302 1821 432 1874 nostrum
453 1811 660 1892 sequebantur·
694 1810 758 1872 Nec
779 1821 891 1888 tamen,
915 1814 1028 1872 etiamsi
1050 1812 1118 1890 quid
1142 1831 1212 1872 novr

208 1898 257 1959 vel
272 1915 340 1958 sero
355 1897 549 1972 invenissem,
566 1897 739 1976 praecipere
755 1896 783 1956 in
798 1891 948 1975 posterum
960 1896 1096 1975 puderet.
1128 1896 1213 1956 Nunc

207 1999 280 2042 vero
301 1981 364 2042 scio
386 1982 415 2041 id
439 1982 501 2041 lieri
527 1982 603 2061 apud
625 1979 755 2042 Graecos
781 1981 834 2040 sed
855 1983 948 2057 magis
969 1997 1024 2059 per
1047 1979 1211 2056 adiutores,

209 2067 276 2145 quia
291 2057 350 2124 noh
364 2064 498 2126 videntur
512 2074 644 2142 tempora
666 2065 840 2140 suffectura,
864 2066 888 2124 si
905 2063 1072 2142 legentibus
1088 2065 1213 2142 siugulis

185 2149 326 2228 spracire
342 2165 460 2226 semper
478 2149 535 2226 ipsi
554 2148 654 2208 velint.
687 2145 725 2207 Et
746 2147 868 2208 hercule
889 2148 1068 2228 praelectio,
1092 2165 1170 2228 quae
1184 2150 1213 2210 in

208 2232 266 2293 hoc
283 2231 452 2306 adhibetur,
477 2241 508 2292 ut
524 2231 613 2292 facile
634 2240 722 2309 atque
738 2231 874 2291 distincte
888 2234 972 2311 pueri
987 2234 1098 2311 scripta
1116 2233 1214 2294 oculis

208 2325 383 2395 sequantur,
413 2317 498 2376 etiam
522 2315 589 2391 illa,
616 2333 691 2393 quae
712 2317 770 2373 vim
791 2318 930 2394 cuiusque
951 2314 1051 2391 verbi,
1080 2317 1105 2376 si
1133 2318 1215 2396 quod

209 2402 301 2460 minus
318 2401 453 2460 usitatum
467 2400 584 2473 incidat,
603 2399 700 2474 docet,
718 2399 836 2460 multum
850 2401 924 2461 inire
939 2400 1066 2462 rhetoris
1082 2401 1214 2462 ciliciam

183 2483 400 2547 texistimanda
418 2493 472 2543 est.
509 2483 548 2543 ht
563 2484 764 2544 demonstrare
779 2485 901 2545 virtutes
916 2484 982 2560 vel,
1000 2485 1158 2563 siquando
1176 2488 1217 2544 ita

207 2568 331 2645 incidat,
356 2570 440 2643 vitia,
465 2567 493 2628 id
517 2567 709 2644 professionis
733 2568 796 2627 eius
817 2577 905 2648 atque
925 2569 1078 2648 promissi,
1103 2583 1164 2648 qno
1181 2586 1216 2628 se

208 2655 376 2730 magistrum
391 2652 577 2730 eloquentiae
593 2650 767 2729 pollicetur,
784 2655 907 2712 maxime
923 2654 1072 2732 proprium
1087 2661 1149 2720 est:
1177 2669 1216 2712 eo

209 2736 323 2814 quidem
339 2736 479 2811 validius,
502 2736 580 2814 quod
600 2752 658 2795 non
679 2738 778 2814 utique
795 2736 871 2796 hunc
893 2736 1024 2797 laborem
1044 2735 1217 2797 docentium

208 2819 346 2896 postulo,
373 2828 404 2879 ut
424 2819 460 2878 ad
486 2821 627 2896 gremium
651 2821 798 2880 revocatis
821 2823 962 2900 cuiusque
979 2827 1085 2880 'eorum
1109 2819 1218 2880 liberis

183 2902 337 2962 illectione
348 2903 528 2962 deserviant.
559 2901 631 2963 Nam
645 2903 713 2964 mihi
729 2923 794 2964 cum
810 2903 925 2965 facilius
941 2915 1000 2964 turn
1015 2907 1103 2965 etiam
1119 2905 1217 2964 multo

207 2985 322 3046 videtur
336 2988 428 3063 magis
438 2986 519 3062 utile,
536 2985 614 3047 lacto
630 2988 747 3048 silentio
763 3006 848 3047 unum
864 2989 990 3068 aliquem
1006 2987 1101 3068 (quod
1117 2989 1219 3067 ipsum

207 3072 344 3148 imperari
365 3072 520 3148 pervices
542 3074 680 3149 optimum
703 3073 763 3152 est)
792 3074 970 3133 constituere
992 3073 1155 3147 lectorem,
1186 3081 1221 3131 ut

208 3155 338 3233 protinus
366 3156 590 3232 pronuntiationi
619 3173 737 3236 quoque
767 3166 952 3226 assuescant;
986 3166 1044 3216 turn
1074 3158 1220 3235 exposita

184 3238 311 3314 lcausa,
327 3241 355 3298 in
371 3256 455 3317 quam
471 3241 579 3321 scripta
595 3241 711 3319 legetur
727 3241 837 3315 oratio,
855 3239 935 3318 (uam
950 3243 994 3301 sic
1010 3241 1118 3301 clarius
1136 3257 1221 3319 qnae

207 3322 338 3383 dicentur
358 3323 480 3401 intelligi
502 3325 653 3404 poterunt)
682 3321 753 3382 nihil
781 3325 905 3384 otiosum
922 3325 998 3403 pati,
1023 3324 1167 3404 quodque
1189 3325 1221 3383 in

207 3408 372 3469 inventione
389 3408 525 3488 quodque
544 3410 574 3467 in
590 3407 758 3466 elocutione
779 3409 971 3469 annotandum
993 3409 1063 3476 erit;
1086 3425 1169 3488 quae
1189 3409 1222 3468 in

208 3495 358 3560 prooemio
373 3489 546 3552 conciliandi
560 3489 663 3550 iudicis
678 3491 769 3558 ratio;
790 3509 865 3569 quae
883 3493 1017 3552 narrandi
1033 3493 1094 3570 lux,
1113 3491 1223 3552 brevi·
