2570 3946
190 209 232 272 48
515 223 878 283 alamannicarum

190 381 262 443 tenti
280 378 459 440 dissimilium
482 377 656 454 concordia,
677 395 762 458 qnam
780 387 888 440 vocant
909 371 1070 459 apportat,
1092 396 1202 442 sonum

150 472 307 544 ltquoque
325 463 370 524 lais
388 462 512 525 motibus
531 462 674 522 dederint.
702 461 774 523 Nam
795 462 894 540 Plato,
914 483 979 526 curn
997 467 1025 524 in
1045 464 1111 525 aliis
1132 467 1199 544 qui·

189 548 310 610 busdam
333 556 392 607 tuna
413 547 574 627 praecipue
595 548 625 606 in
643 546 779 622 Timaeo,
803 565 840 606 ne
857 545 982 625 intelligi
1002 549 1117 627 quidem
1139 552 1201 610 nisi

188 631 226 694 ab
248 629 300 708 iis',
324 634 371 711 qui
394 632 469 692 hanc
491 649 608 711 quoque
630 640 742 711 partem
760 631 933 711 disciplinae
952 632 1109 710 diligenter
1127 651 1198 712 per-

190 718 334 796 ceperint,
354 724 461 794 potest.
492 716 567 790 Quid
589 717 626 777 de
644 715 828 796 philosophis
846 716 970 796 loquor,
989 733 1112 795 quorum
1128 718 1197 778 lons

148 803 252 880 llipse
264 800 404 861 Socrates
416 801 471 861 iarn
483 817 576 862 senex
589 801 698 861 institui
712 802 774 877 trra
786 817 844 860 non
855 798 1074 865 erubescebat?
1094 799 1197 862 Duces

187 885 329 946 maximos
354 892 383 944 et
405 884 507 945 lldihus
531 896 561 946 et
579 884 656 944 tibiis
678 885 824 947 cecinisse
846 885 980 946 traditum
997 893 1026 946 et
1045 888 1196 944 exercitus

189 967 485 1030 lacedaemoniorum
500 971 618 1030 musicis
633 987 777 1030 accensos
791 966 893 1030 modis.
917 968 993 1044 Quid
1005 979 1100 1029 autera
1116 970 1197 1031 aliud

189 1053 218 1111 in
239 1053 347 1112 nostris
366 1052 530 1130 legionibus
553 1069 661 1114 cornua
679 1071 714 1114 ac
731 1053 818 1115 tubae
837 1053 959 1122 iaciunt3
984 1070 1105 1132 quorum
1124 1071 1196 1114 con-

191 1145 293 1197 centus
324 1146 430 1215 quanto
453 1147 500 1198 est
526 1138 742 1214 vehementior,
770 1147 878 1198 tantuna
902 1138 1030 1198 Romana
1055 1139 1083 1198 in
1105 1137 1196 1198 bellis

150 1219 286 1298 ltgloria
303 1224 410 1282 ceteris
431 1219 583 1302 praestat?
612 1221 677 1282 Non
694 1224 783 1302 igitur
801 1222 908 1282 irustra
920 1221 1002 1282 Plato
1020 1222 1099 1282 civili
1117 1223 1195 1298 viro,

190 1322 276 1383 quern
296 1297 449 1366 πολιτικὸν
470 1315 593 1384 vocant,
618 1308 816 1368 necessariam
838 1309 968 1367 musicen
991 1305 1124 1368 credidit
1156 1305 1198 1366 Et

190 1389 252 1448 eius
277 1398 394 1465 sectae,
418 1407 494 1468 quae
515 1391 579 1451 aliis
597 1393 783 1452 severissima
802 1390 867 1451 aliis
890 1392 1049 1470 asperrima
1067 1390 1195 1468 videtur,

190 1473 339 1550 principes
363 1475 391 1533 in
413 1475 468 1535 hac
490 1474 574 1536 fuere
596 1478 756 1552 sententia,
781 1484 812 1535 ut
837 1477 1051 1550 existimarent,
1077 1477 1196 1554 sapien-

188 1557 259 1616 tium
277 1557 391 1636 aliquos
408 1559 574 1621 nonnullam
593 1577 712 1640 operam
729 1560 773 1621 his
793 1560 894 1620 studiis
910 1557 1195 1620 accommodaturos.

189 1637 228 1701 itt
249 1640 416 1720 Lycurgus,
446 1643 662 1704 durissimarum
683 1643 921 1706 Lacedaemoniis
953 1643 1050 1721 legurn
1079 1653 1194 1720 auctor,

151 1727 317 1789 limusices
340 1727 521 1807 disciplinam
543 1728 687 1807 probarit.
730 1725 826 1810 Atque
848 1745 911 1788 eam
938 1736 1038 1788 natura
1061 1729 1126 1806 ipsa
1150 1729 1195 1789 vi

192 1811 276 1871 detur
296 1811 332 1872 ad
354 1812 524 1874 tolerandos
541 1813 655 1873 lucilius
674 1811 792 1874 labores
809 1813 890 1874 velut
908 1813 1019 1873 muneri
1035 1811 1120 1872 nohis
1141 1813 1195 1873 de-

189 1896 288 1972 disse,
312 1897 454 1977 siquidem
472 1906 501 1958 et
520 1898 660 1978 remigem
684 1905 783 1957 cantus
804 1898 948 1968 hortatum
973 1915 1029 1957 nec
1051 1894 1195 1958 salumin

190 1982 225 2040 iis
253 1981 409 2059 operibus,
439 1981 593 2060 inquibus
617 1981 741 2060 plurium
764 1979 884 2042 conatus
912 1989 1073 2061 praeeunte
1095 1981 1194 2060 aliqua

190 2064 313 2124 iucunda
344 2080 421 2124 voce
452 2067 618 2142 conspirat,
653 2065 705 2126 sed
735 2067 822 2126 etiarn
849 2065 1034 2143 singulorum·
1061 2065 1194 2142 fatigatio

150 2144 349 2225 usquamlibet
371 2163 405 2206 sc
426 2146 490 2207 rudi
512 2148 708 2209 modulatione
730 2149 850 2210 solatur.
885 2145 1010 2210 Laudem
1033 2149 1128 2210 adhuc
1151 2149 1193 2208 di-

191 2247 260 2290 cere
282 2229 351 2290 artis
369 2229 582 2308 pulcherrimae
602 2231 720 2308 videor,
744 2233 868 2294 noudum
884 2251 947 2294 earn
970 2242 1065 2294 tamen
1082 2236 1194 2293 oratori

189 2314 379 2390 coniungere.
411 2311 604 2376 'l'ranseamus
627 2317 715 2393 igitur
737 2317 765 2377 id
789 2325 923 2396 quoque,
949 2317 1027 2396 quod
1050 2335 1193 2395 gramma-

189 2400 248 2457 tice
264 2399 408 2476 quondam
426 2417 461 2459 ac
476 2402 586 2460 musice
605 2401 719 2462 iunctae
734 2401 859 2461 fuerunt.
882 2403 1030 2482 Siquidem
1045 2401 1192 2477 Arclrytas

189 2490 277 2560 atque
304 2481 499 2544 Aristoxenus
528 2486 613 2545 etiam
641 2484 801 2546 subiectam
827 2488 1034 2564 grammaticen
1063 2487 1193 2544 musicae

188 2575 378 2647 putaverunt;
398 2577 427 2628 et
441 2567 562 2629 eosdem
576 2570 726 2648 utriusque
740 2572 783 2630 rei
796 2579 1007 2649 praeceptores
1022 2569 1114 2629 luisse
1127 2585 1193 2629 cnm

188 2651 325 2729 Sophron
342 2654 483 2729 ostendit,
501 2654 650 2713 mimorum
665 2653 780 2732 quidem
795 2658 922 2735 scriptor
939 2653 992 2714 sed
1009 2670 1096 2732 quern
1107 2651 1191 2712 Plato

188 2733 263 2794 adeo
283 2735 433 2815 probarit,
457 2747 488 2797 ut
506 2740 676 2817 suppositos
695 2739 783 2817 capiti
801 2738 892 2799 libros
909 2740 988 2814 eius,
1013 2755 1077 2798 cum
1094 2729 1191 2796 inore·

133 2820 283 2894 ldretur,
308 2817 445 2880 habuisse
467 2820 617 2899 credatur,
640 2832 699 2882 turn
717 2822 856 2902 Eupolis,
881 2823 955 2902 apud
980 2840 1065 2901 quern
1082 2821 1191 2883 Proda-

187 2919 250 2961 mus
267 2910 295 2962 et
311 2904 441 2962 musicen
456 2912 485 2963 et
501 2905 613 2965 litteras
628 2907 730 2976 docet;
750 2915 779 2967 et
790 2905 931 2981 lilaricas,
950 2909 998 2984 qui
1017 2915 1062 2967 est
1078 2905 1191 2985 Hyper·

187 2985 288 3062 holus,
323 2987 401 3048 ntttt
425 3007 459 3050 ae
482 3007 522 3048 ec
548 2991 664 3051 musice
690 2993 772 3054 scire
792 2992 853 3052 nisi
878 2992 997 3053 litteras
1025 2989 1188 3050 coniitetur.

187 3069 401 3151 Aristophanes
423 3088 540 3150 quoque
558 3089 616 3133 non
637 3091 694 3135 uno
718 3075 792 3136 libro
816 3077 860 3135 sic
881 3075 989 3135 institui
1014 3090 1123 3153 pueros
1141 3093 1189 3136 an-

187 3156 305 3234 tiquitus
331 3155 436 3217 solitos
464 3174 531 3217 essa
560 3155 753 3236 demonstrat,
783 3168 813 3221 et
841 3159 917 3239 apud
946 3157 1132 3219 Menandrum
1163 3161 1190 3217 in

187 3239 420 3318 llypolsolimaeo
443 3257 552 3317 senex,
575 3245 624 3321 qui
646 3245 814 3323 reposcenti
836 3242 925 3304 lilium
948 3244 1023 3323 patri
1045 3244 1127 3304 velut
1144 3259 1189 3304 ra·

188 3323 296 3384 tionem
313 3325 532 3403 impendiorum,
553 3341 627 3405 quae
644 3329 672 3388 in
688 3329 888 3389 educationem
906 3325 1078 3405 contulerit,
1098 3344 1190 3406 expo·

148 3410 276 3468 19nens:
304 3408 407 3488 psaltis
431 3428 464 3470 se
492 3418 521 3470 et
543 3413 702 3487 geometris
727 3411 814 3472 multa
843 3412 911 3472 dicit
935 3412 1065 3473 dedisse.
1106 3411 1190 3474 Unde

192 3492 277 3552 etiam
300 3492 352 3555 ille
370 3509 449 3571 mos,
471 3504 502 3554 ut
523 3497 552 3554 in
570 3496 709 3554 conviviis
726 3504 794 3574 post
813 3511 933 3557 coenam
953 3495 1191 3558 circumferretur
