2570 3946
193 203 250 268 tl
526 215 563 264 rr.
581 213 661 262 nou.
678 211 900 273 ouuunrmur

207 372 269 455 puli
283 370 422 450 magistri.
461 367 554 444 Quin,
575 368 601 427 sl
617 367 681 428 lieri
697 375 814 446 potest,
839 365 1033 428 latendendus
1053 365 1167 428 animus
1187 368 1219 428 iu

207 458 265 520 lroo
280 472 408 536 quoque,
421 461 452 513 ut
468 451 639 531 perspiciat,
658 467 734 531 quae
749 451 873 530 quirum
888 459 920 510 ct
933 450 1082 530 quurnodo
1097 448 1215 521 laudet:

207 551 238 602 st
251 541 382 621 placere,
399 553 475 617 quae
490 536 567 596 lreoo
583 535 677 612 dicet,
693 551 752 596 nou
767 552 823 596 suo
837 536 930 613 nepo
945 548 1032 614 quaro
1046 551 1217 598 serm-uo·

207 627 284 686 minc
300 623 480 696 delectetur,
498 620 546 699 qui
561 628 645 680 recte
660 617 836 680 iudicabunt.

165 715 199 776 tl
290 709 403 770 l’ueros
428 702 666 766 adolescentibus
687 705 849 782 perutirtos
876 702 1001 780 sedere,
1030 719 1089 768 uoo
1115 702 1219 783 pleoet

205 794 283 856 milri.
316 789 389 852 Nem
404 789 517 850 etiamsi
532 789 577 850 vir
593 787 671 864 tulis,
688 787 804 867 qualern
819 804 888 848 esse
903 795 1022 867 oportet
1035 786 1138 848 studiis
1152 803 1214 850 ruo·

205 877 346 956 ritusque
359 874 575 955 praepositum,
598 871 759 934 modestam
773 870 884 934 habero
899 879 998 951 potest
1011 873 1100 934 uiuus
1114 873 1218 934 turer·

207 970 312 1022 tuton:
330 968 426 1020 tanen
443 957 492 1018 vel
507 957 655 1018 iufirmitas
672 974 689 1018 u
704 955 919 1018 robustioribus
932 955 1096 1036 ”paranda
1111 964 1168 1034 est,
1186 963 1214 1018 et

208 1044 365 1107 carendum
385 1060 444 1104 non
464 1040 559 1102 scluru
584 1041 704 1102 cristine
728 1039 912 1120 turpitudiols
933 1059 1035 1104 rerunt
1056 1041 1143 1102 etiem
1165 1059 1215 1102 su·

166 1130 350 1209 lespicione.
388 1127 469 1189 llaec
491 1125 617 1188 notanda
638 1125 769 1188 ltreviter
792 1126 964 1188 ιιίιιίιιιιιιί-Ι
1005 1123 1216 1187 Natostolrsit

207 1213 244 1276 ab
261 1213 368 1276 ultimis
383 1211 460 1273 vitiis
481 1211 546 1290 ipse
566 1218 803 1289 praeceptores
825 1209 945 1286 schola,
969 1227 1008 1270 ue
1029 1209 1215 1289 praecipien-

206 1297 273 1359 dunr
289 1297 403 1376 quidem
420 1293 520 1355 credo.
559 1292 605 1354 Ao
620 1294 645 1353 si
661 1293 725 1373 quis
741 1300 804 1369 est,
829 1294 878 1372 qui
892 1293 1001 1372 flagitia
1018 1292 1172 1356 manifesta
1187 1295 1217 1356 in

208 1381 344 1460 eligendo
369 1379 420 1442 lilii
443 1384 640 1457 praeceptore
655 1394 713 1438 noo
727 1377 817 1453 uitet,
842 1380 899 1440 ianr
913 1377 980 1439 lrinc
997 1379 1088 1455 sciat,
1115 1385 1217 1438 cetere

207 1481 346 1608 qnoqueb,
361 1479 442 1610 ἕζεο
454 1461 501 1608 uattl
524 1459 676 1560 utilitatem
696 1462 853 1522 iuventutis
869 1474 1049 1541 componere
1065 1475 1215 1538 maeror,
1275 1519 1276 1524 ,

208 1565 275 1610 osse
290 1567 315 1609 sr
337 1564 346 1608 ι
433 1564 453 1626 p
499 1561 640 1606 eomrsse
655 1562 846 1624 supervacue.

269 1700 315 1752 nn
333 1697 495 1753 naorrnus
514 1691 751 1750 remunerarer
770 1697 891 1750 corruo
913 1697 966 1750 aru
983 1676 1151 1753 ursmari.

290 1796 340 1858 lll.
373 1796 419 1858 Ne
440 1796 557 1858 illorum
580 1794 695 1874 quidem
723 1794 876 1874 persuasio
898 1795 1016 1857 silentio
1038 1797 1214 1860 amount«

206 1891 263 1962 est,
292 1883 351 1962 qui,
367 1882 455 1944 etiem
477 1897 542 1943 cum
566 1879 689 1941 idoneos
705 1879 816 1940 rhetori
830 1895 940 1958 pueros
957 1888 1140 1959 putaverunt,
1156 1897 1216 1940 non

204 1975 300 2028 temen
312 1966 449 2027 continuo
461 1963 619 2026 tradendos
631 1963 993 2026 eminentissimoeredout
1006 1965 1059 2026 scd
1074 1964 1152 2044 opud
1162 1966 1215 2024 mi·

204 2067 293 2110 nores
309 2049 482 2128 aliquamdiu
494 2049 637 2116 detinent;
653 2057 789 2126 tauquam
802 2047 985 2109 instituendis
999 2048 1108 2110 artibus
1118 2049 1216 2126 nqis

205 2135 242 2194 sit
258 2143 326 2212 apta
340 2133 526 2194 rnediocritas
541 2133 762 2211 praeceptoris,
787 2149 853 2192 cusa
877 2131 913 2192 ad
928 2131 1108 2194 intellectum
1126 2142 1216 2211 atque

204 2217 241 2278 ad
252 2213 440 2278 imitstlonem
456 2215 572 2277 facilior
588 2225 647 2278 tour
657 2215 694 2276 ad
705 2215 908 2294 suscipiendas
926 2215 1135 2278 elementorum
1152 2233 1215 2276 nro·

177 2299 308 2362 llcstius
323 2301 415 2360 minus
430 2300 567 2380 superba.
602 2300 665 2375 Qua
680 2301 709 2360 io
724 2318 757 2361 re
772 2297 840 2359 mihi
854 2315 914 2360 oon
928 2300 1057 2362 srlsitrer
1070 2301 1119 2363 dio
1130 2300 1215 2362 labo·
1275 2311 1276 2314 ’

204 2383 333 2460 randum,
349 2393 380 2444 ut
394 2385 555 2460 ostendero,
574 2392 682 2462 quanto
699 2382 984 2462 sitmeliusoptiruts
992 2384 1216 2464 imbui,·quants

203 2470 231 2528 in
253 2468 402 2545 eluendis,
424 2485 500 2548 quae
519 2467 611 2529 umal
634 2467 810 2541 insederint,
834 2467 912 2527 vitiis
931 2468 1089 2530 difficultas
1107 2481 1214 2530 consc-

204 2562 321 2632 quatun
349 2554 602 2631 congeminatum
619 2569 692 2611 onus
707 2549 904 2612 succedentes
921 2562 1034 2630 prensat
1050 2561 1079 2613 et
1097 2553 1216 2632 quidest

174 2635 366 2698 odedocendi
381 2638 500 2716 mutius
515 2655 550 2698 ac
565 2637 646 2715 prius
662 2651 748 2714 ῳιιιιι
763 2634 898 2696 docendi.
928 2635 1055 2715 l’ropter
1070 2637 1150 2716 quod
1165 2635 1219 2698 'l'i—

201 2721 363 2798 matheum,
387 2721 496 2782 clarnos
516 2723 545 2781 in
566 2729 629 2781 arte
650 2719 799 2794 tibiarum,
829 2719 926 2781 tanna
949 2720 1083 2800 duplicas
1106 2721 1144 2783 uls
1165 2721 1216 2797 iis,

203 2821 277 2883 quos
301 2806 374 2866 alius
394 2806 582 2880 instituisset,
604 2801 865 2880 soliumexigere
885 2805 1058 2882 mercedes,
1077 2823 1165 2885 pant
1187 2806 1217 2864 si

201 2889 290 2950 rudes
305 2889 498 2952 traderentur.
524 2888 617 2949 Error
628 2896 723 2948 tamen
741 2895 787 2947 est
798 2887 826 2946 io
843 2905 876 2948 rc
892 2888 1016 2967 duplex:
1033 2901 1117 2966 unus,
1134 2889 1218 2969 quod

201 2973 315 3034 interior
330 2975 468 3034 sulficere
484 2972 554 3033 illos
570 2973 698 3032 minores
714 2971 894 3049 existimant,
913 2981 953 3049 et,
969 2974 1048 3034 bono
1063 2988 1137 3035 sane
1151 2982 1216 3036 sto·

176 3059 321 3135 lmaoho,
338 3058 467 3119 contenti
483 3064 564 3123 sunt;
582 3072 656 3134 quae
669 3073 830 3134 quanquam
846 3065 892 3117 est
903 3057 967 3135 ipsa
978 3059 1217 3137 reprehensione

202 3140 288 3220 digna
310 3143 472 3215 securitas,
496 3148 592 3200 tumeo
612 3149 693 3200 esset
712 3149 860 3220 utcunque
881 3141 1062 3220 tolerabilis,
1085 3144 1112 3202 si
1134 3143 1215 3202 cias-

200 3227 280 3286 modi
307 3233 520 3304 praeceptores
541 3225 632 3284 minus
662 3226 804 3286 dooereut
838 3241 896 3285 nou
925 3228 1024 3305 petum
1057 3227 1133 3288 alter
1160 3225 1217 3286 ille

204 3311 290 3370 etiam
304 3309 504 3388 frequentior,
528 3308 606 3389 quod
622 3325 685 3386 eos,
704 3310 752 3388 qui
770 3308 942 3387 ampliorem
957 3311 1072 3374 dicendi
1087 3309 1217 3372 faculta-

203 3401 262 3452 tem
278 3393 335 3451 sint
352 3395 518 3471 consecuti,
537 3409 595 3454 non
612 3403 711 3473 putant
727 3391 763 3456 ad
780 3395 890 3454 minora
906 3395 1107 3469 descendere,
1124 3393 1218 3473 idque

203 3476 316 3536 iuterim
331 3475 410 3555 lieri,
439 3479 507 3558 quia
528 3477 674 3540 fastidiant
697 3487 849 3558 praestare
870 3477 945 3541 lranc
960 3479 1147 3544 inferioribus
1164 3496 1218 3538 cu·
