2608 3948
393 199 838 267 numerumnunerum.
1079 185 1119 250 89

115 358 204 420 Polus
219 355 336 418 iuvenili
354 354 453 416 calore
468 354 726 431 inconsideratior,
748 365 848 416 contra
864 373 949 434 quem
964 356 1014 417 illa
1029 356 1065 416 de
1081 357 1118 416 sl·

116 441 243 506 mulacro
262 449 292 502 et
307 438 472 508 adulatione
489 438 630 499 dicuntur.
665 438 736 499 'lum
752 435 891 500 Callicles
908 439 1001 502 adhuc
1022 440 1119 501 couci-

117 528 212 603 tatior‚
230 527 278 604 qui
290 533 386 585 tamen
401 523 437 582 ad
453 522 527 583 hanc
542 522 710 603 perducitur
726 523 900 601 clausulam,
917 518 968 586 τὸν
979 521 1120 601 μέλλοντα

117 601 216 691 ὀρθῶς
226 598 382 690 ῥητορικὸν
395 605 524 683 ἔσεσθαι,
537 607 654 685 δίκαιον
664 601 722 691 ἄρα
733 607 780 668 δεῖ
790 600 928 668 εἶναικαὶ
941 601 1120 687 ἐπιστήμονα

116 697 174 756 τῶν
189 693 328 766 donatam
350 699 381 750 ut
396 699 550 770 appareat,
574 690 686 752 Platoni
701 709 758 752 non
773 692 940 753 rhetoricen
954 693 1047 754 videri
1061 711 1119 753 ma·

115 779 174 838 lum
194 778 248 838 sed
265 793 327 838 eam
341 792 442 836 veram
456 776 510 835 nisi
525 776 601 835 iusto
622 775 748 837 achone
764 792 823 836 non
842 779 1022 854 contingere.
1060 776 1162 838 ild-29

114 862 173 922 huc
188 869 284 921 autem
297 863 327 920 in
341 858 472 920 Phaedro
487 860 666 923 manifestius
684 860 770 937 iacit,
791 861 866 922 hano
881 870 971 922 artem
987 879 1119 922 cousum-

114 947 187 1006 mari
203 947 275 1004 citra
290 943 415 1004 iustitiae
432 961 550 1022 quoque
562 945 713 1006 scientiam
728 961 785 1005 non
799 963 904 1025 posse;
929 946 975 1006 cui
990 947 1120 1026 opinioni

115 1046 170 1090 nos
194 1045 311 1108 quoque
333 1028 507 1089 accedimus.
545 1029 592 1088 An
612 1029 697 1090 aliter
718 1029 919 1090 defensionem
938 1031 1068 1091 Socratis
1091 1038 1120 1090 et

115 1129 232 1190 eorum,
255 1115 303 1191 qui
318 1129 372 1191 pro
389 1114 483 1191 patria
499 1114 683 1189 ceciderant,
705 1112 819 1174 laudem
833 1115 1018 1192 scripsisset;
1044 1131 1120 1192 quae

115 1205 196 1258 certe
218 1206 284 1256 sunt
308 1197 432 1257 oratoris
458 1193 571 1275 opera?
619 1196 678 1259 Sed
700 1199 729 1256 in
756 1197 827 1257 illud
850 1197 995 1258 hominum
1014 1210 1163 1275 genus‚3o

115 1281 194 1360 quod
209 1280 350 1342 facilitate
372 1280 487 1341 dicendi
501 1281 577 1341 male
592 1281 742 1357 utebatur,
765 1283 896 1343 invectus
918 1290 972 1342 cst.
1003 1281 1075 1342 Nam
1091 1290 1120 1341 et

114 1365 254 1426 Socrates
268 1366 449 1424 inhonestam
465 1364 520 1425 sihi
536 1366 659 1427 credidit
675 1368 851 1442 orationem,
875 1383 960 1446 quam
976 1369 1002 1426 ei
1017 1365 1119 1449 Lysias

114 1466 167 1510 reo
181 1456 400 1527 composuerat;
420 1456 450 1508 et
465 1457 523 1508 tum
536 1451 659 1510 maxime
674 1451 805 1512 scrihere
820 1449 1025 1529 litigatoribus,
1045 1468 1119 1529 quae

115 1532 157 1594 illi
173 1550 227 1611 pro
242 1533 347 1611 seipsi
362 1531 509 1607 dicerent,
531 1543 593 1594 erat
607 1536 712 1611 moris,
735 1544 821 1614 atque
838 1536 962 1611 italum,
987 1553 1044 1614 quc
1062 1551 1119 1596 non

114 1616 224 1679 licebat
239 1633 293 1695 pro
308 1614 403 1676 altero
421 1634 528 1694 agere,
550 1617 630 1678 iraus
650 1617 848 1681 adhibebatur.
883 1620 1031 1682 Doctores
1047 1626 1158 1699 quo-31

115 1719 171 1780 que
184 1702 247 1761 eius
258 1702 328 1761 artis
343 1717 444 1780 parum
459 1700 556 1761 idonei
568 1701 680 1763 Platoni
694 1703 875 1780 videbantur,
892 1706 940 1783 qui
952 1703 1121 1764 rhetoricen

114 1787 254 1848 aiustitia
275 1793 447 1864 separarent
469 1794 499 1844 et
519 1787 597 1846 veris
621 1786 770 1848 credibilia
791 1789 989 1866 praeferrent;
1009 1805 1073 1847 nam
1091 1789 1120 1849 id

115 1886 234 1950 quoque
256 1869 325 1933 dicit
345 1870 374 1928 in
395 1867 538 1938 Phaedro.
577 1867 771 1930 consensisse
793 1872 965 1933 autemillis
987 1872 1160 1950 superio-32

113 1953 194 2015 ribus
214 1953 307 2014 videri
323 1960 422 2031 potest
440 1953 525 2012 etiam
547 1951 749 2014 Cornelius
773 1953 922 2030 Celsus,
949 1956 1029 2016 cuius
1046 1954 1120 2017 haec

114 2037 204 2098 uerba
219 2046 300 2098 sunt:
330 2034 445 2098 Orator
458 2037 556 2118 masiis
571 2044 689 2100 tuntum
703 2041 770 2100 ceti
783 2041 870 2119 petit.
901 2037 1015 2100 Deinde
1029 2038 1119 2118 paulo

113 2130 197 2202 post:
221 2119 289 2186 Noa
312 2122 391 2184 enim
416 2121 496 2184 bonu
519 2123 708 2186 conscicntia
733 2125 791 2186 aed
814 2125 945 2186 cintoria
972 2125 1120 2203 lilipuntt'a

114 2216 159 2269 eat
172 2208 353 2285 proemium.
389 2205 471 2279 Quae
492 2207 518 2266 si
537 2224 608 2267 vera
625 2214 743 2283 essent,
764 2209 954 2286 pessimorum
975 2207 1119 2268 hominum
1232 2233 1233 2236 ¹

114 2291 202 2365 leret,
217 2288 292 2350 haec
307 2299 363 2350 tam
377 2291 542 2368 perniciosa
557 2292 770 2351 nocentissimis
784 2291 913 2353 moribus
928 2291 998 2352 dare
1014 2293 1118 2352 instru-

114 2381 209 2434 menta
227 2383 256 2432 et
277 2375 433 2452 nequitiam
453 2377 619 2454 praeceptis
646 2375 792 2436 adiuvare.
835 2376 894 2436 Sed
916 2375 958 2434 illi
978 2377 1120 2435 rationem

116 2458 260 2537 opinionis
275 2474 346 2515 suae
359 2456 493 2516 viderint.

200 2539 262 2600 Nos
279 2547 373 2599 antem
394 2542 519 2617 ingressi
535 2540 661 2600 formare
676 2543 838 2620 perlectum
855 2550 1019 2615 oratorem,
1036 2551 1161 2619 quemad

114 2644 144 2688 rn
165 2624 263 2705 primis
286 2637 354 2683 esse
375 2624 468 2683 virum
482 2624 589 2684 honum
608 2625 758 2700 volumus,
787 2626 822 2686 ad
843 2642 913 2701 eos,
941 2627 989 2704 qui
1011 2625 1047 2684 de
1060 2612 1120 2684 hoc

115 2727 208 2790 opere
229 2706 333 2768 melius
356 2709 499 2783 sentiunt,
524 2717 713 2768 revertamur.
748 2708 928 2770 Rhetoricen
949 2717 1043 2769 autem
1058 2709 1120 2788 qui·

115 2795 178 2856 dam
194 2791 315 2853 eandem
330 2792 506 2854 civilitatem
525 2810 593 2852 ease
614 2791 826 2864 iudicaverunt;
849 2791 955 2854 cicero
972 2795 1121 2858 enectae

115 2879 214 2940 cicilia
232 2885 357 2957 portem
376 2885 479 2951 vocat,
503 2876 598 2938 civilis
619 2884 713 2938 autem
735 2878 857 2940 scientia
877 2878 954 2940 idem
974 2877 1051 2958 quod
1074 2895 1119 2937 aa·

115 2963 223 3042 pientia
245 2970 305 3028 est;
327 2962 441 3040 quidam
461 2961 583 3022 eandem
597 2959 828 3041 philosophiam,
853 2980 975 3042 quorum
997 2971 1042 3022 est
1057 2960 1119 3022 lso·

116 3054 223 3107 crates.
252 3045 327 3106 Huic
343 3048 405 3107 eius
421 3044 600 3106 substantiae
613 3047 736 3106 maxime
753 3050 908 3108 conveniet
923 3048 1028 3121 linitio,
1051 3045 1159 3106 rho-34

115 3131 232 3192 torioen
261 3148 328 3193 ease
358 3132 434 3194 heac
462 3131 589 3194 dicendi
615 3132 784 3194 scientium.
827 3131 899 3193 Nam
926 3139 955 3191 et
980 3128 1118 3189 orationis

116 3232 216 3274 omnes
230 3213 352 3276 vlrtutes
375 3212 467 3275 semel
489 3213 692 3292 complectitur
715 3226 745 3276 et
764 3219 895 3296 protinus
915 3230 1013 3274 mores
1034 3213 1119 3272 etiam

115 3299 258 3372 oratoris,
275 3315 338 3357 cum
354 3296 429 3356 bene
445 3297 544 3358 dicere
559 3315 617 3360 non
631 3302 726 3377 possit
739 3302 795 3360 nisi
810 3300 913 3360 bonus.
945 3295 1025 3358 ldem
1040 3296 1160 3358 valeres

116 3381 316 3460 Chrysippi
339 3381 402 3440 linis
423 3380 473 3441 ille
495 3382 598 3442 ductus
619 3402 635 3443 a
653 3380 794 3444 Cleanthe
810 3381 942 3445 scicntia
965 3388 1048 3446 recte
1071 3382 1118 3443 di-

115 3469 216 3532 cendt'.
255 3465 326 3552 Sunt
346 3465 447 3544 plures
464 3467 593 3528 eiusdem
608 3466 660 3527 sed
676 3467 712 3527 ad
733 3466 805 3528 alias
825 3469 1013 3550 quaestiones
1028 3467 1120 3545 magis
