2570 3946
185 212 204 274 8
506 225 543 272 u.
556 223 633 271 nse.
649 222 869 283 oumnmmru

270 381 301 441 Si
316 387 410 440 mmen
426 394 484 438 non
500 379 665 455 continget,
689 377 791 457 quoles
807 379 929 440 menime
946 380 1033 442 velim
1047 383 1187 460 nutrices,

185 481 311 544 pueros,
332 461 522 541 paedagogos
543 460 669 522 bebere:
692 469 721 523 et
740 479 814 522 unus
834 471 915 523 certe
936 465 974 524 sit
994 467 1128 526 assiduus
1144 466 1190 528 lo·

186 548 291 627 quendi
315 562 373 607 non
396 546 564 624 imperitus,
592 548 656 625 qui,
678 548 704 607 si
727 563 782 625 que
805 554 887 606 erunt
909 545 945 606 sb
966 547 1010 608 bis
1032 558 1190 630 praesente

185 633 299 692 einmno
315 630 391 691 dictu
405 632 522 707 vitiose,
538 632 666 708 corriget
680 631 811 710 protinus
826 648 882 691 nec
897 631 1024 693 insidere
1040 632 1082 694 illi
1098 636 1187 702 sinet:

184 716 250 777 dum
264 724 359 775 tumen
374 713 568 792 intelligetur,
585 713 623 790 id,
640 715 718 792 quod
732 716 813 794 prins
827 713 897 790 dixi,
912 713 1019 778 bonum
1035 733 1114 794 esse,
1131 717 1190 777 boc

183 799 350 860 remedium.

144 898 176 949 ln
268 880 296 942 Α
319 898 455 942 sermone
478 880 593 942 Graeco
612 897 733 960 puerum
753 883 886 960 incipere
905 884 999 959 melo,
1027 883 1093 961 quio
1113 882 1188 942 beti-

184 984 266 1042 num,
289 967 338 1044 qui
353 964 484 1045 pluribus
500 967 530 1026 in
543 983 596 1026 usu
613 974 674 1041 est,
692 964 741 1027 vei
757 965 841 1026 nobis
856 965 1022 1029 nolentibus
1036 965 1187 1046 perbibet;

185 1050 269 1110 simul
287 1051 354 1128 quis
375 1048 535 1128 disciplinis
552 1067 670 1128 quoque
686 1047 806 1110 Graccis
823 1051 904 1128 prius
925 1051 1115 1112 instituendus
1130 1058 1187 1126 est,

142 1146 176 1200 13
184 1133 260 1194 unde
275 1142 304 1193 et
318 1142 436 1194 nostroe
451 1131 605 1194 fluxerunt.
632 1132 698 1193 Non
712 1143 807 1194 tumen
821 1133 879 1195 boc
893 1136 968 1196 odeo
983 1136 1188 1214 superstitiose

184 1219 248 1278 fieri
262 1216 366 1294 velim,
389 1226 420 1278 ui
441 1216 489 1277 diu
509 1226 617 1278 tentum
634 1216 747 1278 Graece
767 1217 902 1296 loquetur
923 1227 971 1279 out
985 1217 1094 1294 disent,
1113 1219 1190 1279 sicut

184 1303 336 1382 plerisque
351 1302 439 1361 moris
456 1309 511 1360 est.
541 1301 606 1361 Hoc
622 1304 697 1361 enirn
713 1301 847 1362 accidunt
861 1311 892 1362 et
907 1303 967 1363 oris
982 1302 1104 1380 plurime
1118 1303 1189 1362 ritis

183 1388 212 1446 in
226 1387 414 1464 peregrinum
429 1401 531 1444 sonum
547 1387 677 1463 corrupti
692 1393 721 1444 et
736 1387 893 1454 sennonis;
916 1387 961 1446 cui
977 1403 1041 1446 cum
1057 1385 1188 1447 Graecae

184 1470 295 1547 figures
317 1468 432 1529 assidua
453 1469 663 1529 consuetudine
683 1469 860 1547 bueserunt,
881 1469 1047 1530 indiverso
1071 1485 1190 1548 quoquc

145 1561 176 1616 ld
184 1553 323 1631 loquendi
344 1554 456 1614 ratione
481 1555 711 1632 pertinacissime
730 1555 842 1614 durent.
888 1553 954 1614 Non
974 1553 1063 1632 longe
1089 1555 1188 1632 iisque

184 1637 283 1699 butino
298 1635 438 1716 subsequi
457 1636 565 1697 debent
580 1646 610 1697 et
626 1639 684 1697 cito
699 1638 811 1716 periter
823 1639 877 1697 ire.
909 1635 952 1698 lte
967 1637 1033 1713 flet,
1055 1646 1102 1714 ut,
1124 1653 1189 1697 cum

184 1721 300 1799 eequeb
326 1719 399 1781 cum'
423 1721 548 1798 linguam
573 1729 724 1799 utramque
751 1722 827 1782 tueri
852 1723 1054 1800 coeperimus,
1087 1729 1188 1781 neutra

167 1805 169 1809 ’
184 1805 269 1866 elteri
284 1803 403 1865 officiet.

143 1902 176 1955 15
269 1888 391 1963 Quidem
411 1889 516 1949 litteris
537 1887 745 1964 instituendos,
769 1891 817 1968 qui
832 1891 959 1950 minores
977 1897 1091 1968 sepiem
1106 1890 1188 1949 unnis
1270 1885 1271 1894 ³

97 2031 98 2035 ,
186 1981 301 2049 essent,
324 1991 383 2033 non
402 1981 592 2051 putaverunt,
618 1971 696 2051 quod
717 1972 768 2033 iile
783 1965 904 2051 primunr
927 1981 1008 2034 netes
1025 1981 1059 2034 et.
1073 1973 1188 2032 intelle·

186 2067 261 2118 otum
278 2056 494 2134 disciplinarum
517 2073 625 2134 cepere
647 2065 677 2115 et
700 2055 830 2117 laborem
853 2058 913 2135 peti
935 2065 1048 2136 posset.
1065 2053 1067 2058 ’
1082 2055 1115 2116 ln
1132 2073 1187 2136 quo

185 2142 328 2201 sententis
342 2139 499 2200 Hesiodum
520 2156 588 2198 esse
610 2139 725 2217 plurimi
740 2138 869 2215 tradunt,
893 2143 942 2219 qui
964 2149 1030 2201 unte
1049 2155 1189 2218 grummo·

184 2225 273 2285 ticum]
282 2222 499 2301 Aristophanen
513 2222 644 2292 iuernnt;
661 2240 725 2283 narn
740 2223 765 2284 is
780 2225 888 2302 primus
902 2217 1072 2302 ὑποθήκας,
1087 2226 1116 2284 in
1131 2238 1186 2302 qur

185 2306 262 2368 libro
290 2308 428 2386 scripturn
454 2307 512 2366 boc
537 2308 697 2383 invenitur,
723 2308 841 2385 negavit
867 2325 935 2367 esse
959 2308 1043 2369 buius
1069 2314 1188 2387 podiae.

143 2404 177 2458 16
185 2391 245 2452 Sed
267 2391 316 2451 alii
340 2407 457 2469 quoqne
479 2398 634 2466 suctores,
662 2392 739 2450 inter
760 2408 834 2469 qnos
858 2389 1086 2468 Eratosthenes,
1113 2391 1189 2452 idem

185 2483 408 2554 praeceperunt.
440 2473 545 2534 bielins
561 2483 667 2551 eutem,
684 2475 732 2552 qni
747 2474 855 2535 nullum
868 2484 981 2555 tempus
997 2492 1104 2536 veenre
1119 2493 1190 2537 curs

183 2559 301 2635 volunt,
325 2567 356 2618 ut
377 2558 568 2637 Chrysippus.
605 2557 678 2618 Num
698 2559 739 2635 is,
768 2561 898 2637 quemvis
920 2560 1079 2620 nutricibus
1101 2561 1188 2620 trien·
1269 2623 1270 2630 ,

184 2645 260 2703 nium
284 2642 414 2721 dederit,
439 2652 535 2704 tomen
556 2640 593 2703 sb
613 2641 672 2703 iliis
692 2658 809 2721 quoque
831 2645 887 2702 iem
907 2644 1084 2705 formandam
1105 2661 1190 2723 quem

143 2737 175 2792 li
185 2727 300 2804 optimis
320 2724 456 2788 institutis
474 2736 598 2788 mentem
618 2726 767 2787 ininntium
781 2727 897 2788 iudicet.
937 2726 996 2787 Gur
1016 2737 1111 2788 eutem
1131 2744 1190 2788 non

184 2811 329 2890 pertinent
353 2809 389 2870 ed
413 2810 524 2872 litteras
550 2820 648 2886 setas,
674 2828 749 2890 quoe
776 2811 812 2872 sd
837 2827 934 2871 mores
960 2813 1016 2871 ism
1042 2807 1190 2891 pertinet?

184 2893 288 2972 Neque
312 2894 434 2972 ignoro,
457 2903 519 2954 toto
538 2895 608 2970 illo,
629 2896 666 2955 de
689 2911 747 2974 quo
768 2895 889 2974 loquor,
910 2905 1043 2975 tempore
1058 2897 1108 2955 rix
1126 2904 1189 2955 ton·

184 2986 244 3038 tum
259 2977 354 3054 efiici,
377 2987 512 3056 quantum
527 2977 663 3038 conferre
678 2997 750 3038 unus
766 2988 871 3058 postes
891 2981 987 3059 possit
1006 2997 1112 3048 ennus3
1136 2979 1191 3039 sed

184 3071 279 3122 temen
293 3061 376 3138 mibi,
400 3063 448 3139 qui
469 3061 683 3138 dissenserunt,
705 3061 840 3124 videntur
861 3081 918 3124 non
936 3073 994 3124 tum
1010 3062 1191 3126 discentibus

145 3148 213 3207 lein
228 3147 283 3206 bre
298 3153 381 3226 perte
399 3163 484 3224 qnam
498 3145 669 3207 docentibus
685 3150 868 3226 pepercisse.
906 3146 981 3221 Quid
996 3147 1101 3207 meiius
1116 3145 1191 3206 elio·

185 3233 233 3309 qui
255 3231 381 3306 facient,
405 3247 443 3290 ex
464 3246 522 3308 quo
542 3231 623 3311 loqui
644 3229 804 3309 poterunt?
841 3229 962 3291 Facient
982 3233 1058 3290 enim
1080 3227 1191 3306 aliquid

184 3330 309 3374 necesse
325 3322 379 3373 est.
413 3312 472 3374 Aut
494 3332 546 3374 cur
560 3315 633 3391 boc,
658 3315 941 3394 quantulumcunque
956 3324 1021 3391 est,
1043 3311 1191 3392 usquead

184 3406 297 3476 septem
312 3414 402 3458 annos
418 3397 529 3458 lucrum
544 3395 743 3458 fastidiamus?
767 3397 841 3459 Num
857 3408 939 3459 certe
953 3397 1111 3476 quemlibet
1123 3411 1192 3476 prr-

184 3499 250 3540 vum
270 3482 323 3559 sit,
346 3482 424 3560 quod
447 3481 605 3543 contulerit
626 3491 707 3544 estas
728 3483 826 3561 prior,
847 3483 955 3542 moiom
977 3491 1071 3542 temen
1092 3481 1192 3558 eliqua
