2608 3948
372 213 807 286 1usn.onnuon.urn.1v,5.
1036 207 1095 272 189

87 370 192 452 Neque
206 373 286 434 illurn
301 382 395 433 tamen
410 373 556 445 ordinem,
574 370 611 432 de
627 388 685 452 quo
702 373 780 451 prius
795 373 871 450 dfxi,
888 372 1140 448 damnaverimus

89 458 155 536 quia
171 457 325 535 quaedam,
349 457 460 516 etiamsi
478 458 543 534 ipsa
557 464 622 515 sunt
635 456 722 532 dura,
739 456 811 517 inid
829 459 1046 536 armentalem,
1063 471 1095 520 ut

89 558 125 602 ea
144 540 292 616 molliant,
315 557 390 618 quae
411 548 579 618 sequuntur.
609 539 673 600 Neo
688 541 803 601 omnino
821 543 884 601 sine
903 544 1016 603 ratione
1037 553 1093 621 est,

53 657 70 662 —
88 624 165 702 qnod
183 624 272 702 vulgo
290 625 410 685 dicitur:
437 621 580 702 lnfqnttm
596 627 772 701 petendum,
794 633 829 686 nt
848 641 981 703 aequom
993 629 1092 707 feras.

85 707 174 782 Quod
189 717 285 768 tamen
300 723 385 768 nemo
401 708 444 768 sic
464 709 604 786 accipiat,
625 716 656 767 ut
681 710 774 769 omnia
796 709 896 769 credat
921 710 1092 772 audendum.
1104 719 1137 776 17

87 791 182 852 Recte
198 793 274 851 enirn
288 790 391 853 Graeci
406 787 598 870 praecipiunt,
616 789 686 854 Non
697 794 887 872 temptanda,
910 810 991 872 qnae
1013 795 1096 875 effici

86 877 211 938 omnino
229 894 289 937 non
307 877 435 956 possint.
472 875 531 937 Sed
546 877 680 954 quotiens
696 876 762 954 bac,
779 877 815 936 de
832 894 889 956 qua
907 876 1024 957 loquor,
1043 877 1094 938 du·

88 959 158 1038 plici
173 959 345 1021 defensione
365 968 494 1021 utemur:
515 959 544 1020 id
556 960 746 1021 laborandum
765 970 825 1037 est,
846 970 878 1021 ut
891 962 919 1021 in
934 962 1012 1022 illam
1028 979 1093 1040 par·

88 1052 147 1103 tem
162 1052 332 1123 sequentem
353 1044 424 1104 fides
443 1062 481 1104 ex
495 1045 595 1122 priora
612 1046 741 1105 ducatur.
777 1044 878 1106 Potest
900 1048 974 1105 enim
989 1046 1092 1124 videri,

87 1128 137 1205 qui
152 1137 213 1187 tuto
232 1129 316 1188 etiam
328 1129 517 1190 confessurus
535 1128 597 1207 fuit,
614 1127 770 1188 mentiendi
786 1144 901 1188 causam
918 1131 947 1188 in
959 1129 1093 1207 negando
1185 1186 1186 1189 ,

87 1228 146 1271 non
161 1211 297 1272 habere.

172 1295 210 1355 Ει
225 1296 297 1356 illud
311 1299 410 1373 utique
425 1294 658 1370 faciendumst,
678 1305 718 1370 ut,
735 1296 870 1374 quotiens
886 1295 1097 1374 suspicabimur
1105 1305 1138 1358 18

87 1379 174 1439 iudici
191 1379 275 1439 aliam
294 1379 496 1458 probationem
515 1378 692 1455 desiderari,
710 1378 846 1458 quamde
865 1396 921 1457 qua
939 1379 1093 1460 loquimur,

88 1463 287 1542 promittamus
312 1479 366 1521 nos
387 1463 476 1540 piene
499 1471 529 1521 et
549 1464 643 1522 statim
663 1463 699 1523 de
722 1480 758 1522 eo
780 1465 849 1523 satis
866 1480 933 1524 esse
949 1462 1094 1532 facturos;

89 1546 308 1625 praecipueque
329 1547 354 1605 si
376 1545 413 1606 de
438 1545 549 1623 pudore
566 1548 670 1623 agitur.
713 1546 895 1625 Frequenter
908 1551 1004 1608 autern
1019 1548 1138 1610 acci-19

89 1631 141 1704 dit,
160 1639 190 1689 ut
206 1647 293 1690 causa
311 1647 412 1709 parum
427 1630 594 1689 verecunda
610 1631 672 1690 iure
690 1637 750 1690 tuta
765 1633 816 1700 sit:
835 1633 872 1693 de
889 1649 946 1710 quo
963 1650 1000 1691 ne
1016 1632 1096 1691 inuiti

88 1712 200 1774 iudices
212 1713 327 1774 audiant
339 1722 369 1773 et
383 1713 510 1790 adversi,
526 1713 708 1793 frequentius
725 1724 790 1775 sunt
806 1714 988 1790 admonendi,
1004 1733 1095 1776 secu-

88 1805 191 1860 turam
207 1799 414 1876 defensionem
426 1798 591 1877 probitatis
603 1806 632 1860 et
649 1799 827 1876 dipnitatt's,·
843 1807 1004 1878 expectent
1012 1817 1095 1876 pan-

86 1883 150 1944 lnm
172 1889 202 1942 et
222 1883 274 1961 api
295 1883 405 1943 ordine
426 1883 536 1944 sinent.
575 1880 723 1955 Quaedam
745 1883 858 1941 interim
878 1898 932 1941 nos
953 1883 1048 1941 invitis
1064 1881 1141 1943 lt-tt
1234 1931 1236 1934 .

89 1964 263 2042 tigatoribus
281 1965 471 2026 simulandum
487 1974 531 2025 est
546 1965 656 2042 dicere,
672 1965 750 2044 quod
767 1963 872 2026 Cicero
889 1982 944 2045 pro
962 1964 1096 2025 Cluentio

89 2050 159 2110 facit
179 2051 257 2110 circa
271 2049 448 2110 iudiciariam
464 2049 575 2126 iegem;
595 2067 812 2128 nonnunquam,
830 2052 912 2128 quasi
927 2048 1097 2128 interpelle-

88 2152 152 2193 mur
173 2134 208 2194 ab
231 2133 294 2210 his,
323 2133 499 2203 subsistere;
528 2151 618 2212 saepe
648 2135 804 2194 avertenda
826 2133 861 2194 ad
883 2135 965 2213 ipsos
988 2135 1095 2202 oratio;

89 2217 238 2292 hortandi,
263 2227 294 2277 ut
313 2220 407 2278 sinant
426 2235 480 2277 nos
502 2220 542 2278 uti
565 2227 666 2278 nostro
689 2219 822 2279 consilio.
859 2217 901 2279 Ita
927 2227 1097 2296 surrepetur

90 2303 184 2361 animo
200 2301 319 2376 indicis,
338 2311 383 2379 et,
399 2301 465 2360 dum
481 2311 581 2380 sperat
595 2303 797 2381 probationem
815 2302 949 2381 pudoris,
965 2303 1096 2380 asperio-

89 2382 171 2445 ribus
192 2384 250 2444 illis
274 2387 366 2444 minus
389 2384 573 2463 repugnabit.
617 2385 700 2459 Quae
728 2404 792 2446 cum
817 2387 982 2464 receperit,
1013 2387 1139 2446 etiamtl

89 2467 286 2528 verecundiae
300 2467 462 2528 defensioni
477 2469 594 2530 facilior
608 2472 671 2528 erit.
709 2471 759 2529 Sic
773 2479 895 2546 utraque
909 2486 958 2528 res
973 2470 1098 2528 invicem

90 2551 218 2629 iurabit,
240 2552 353 2629 eritque
374 2551 462 2611 iudex
486 2553 565 2612 circa
586 2554 630 2611 ius
655 2563 785 2614 nostrum
808 2569 861 2630 spe
876 2553 1040 2612 modestiae
1056 2559 1097 2610 at·

91 2637 215 2711 tentior,
233 2637 311 2695 circa
325 2635 495 2695 modestiam
510 2637 580 2695 iuris
596 2629 768 2714 probatione
785 2635 953 2715 proclivior.

177 2720 236 2781 Sed
260 2728 291 2778 ut
313 2735 370 2778 non
391 2736 508 2797 semper
529 2722 697 2780 necessaria
716 2729 765 2780 ant
782 2719 859 2778 utilis
875 2721 961 2780 etiam
982 2719 1097 2798 partitio
1106 2727 1141 2782 ti

92 2813 152 2864 eat:
171 2805 209 2864 ita
226 2803 391 2882 opportune
407 2802 534 2863 adhibita
549 2803 701 2882 plurimum
717 2805 839 2864 orationi
853 2803 925 2864 lucis
942 2813 971 2863 et
986 2805 1098 2881 gratiae

91 2888 217 2949 confert.
251 2888 355 2966 Neque
373 2889 446 2948 enirn
462 2887 556 2947 solnm
570 2888 599 2948 id
615 2887 721 2964 efficit,
740 2897 771 2948 ιιι
787 2888 913 2949 clariora
928 2889 1006 2966 fiant,
1023 2905 1097 2967 quae

92 2972 236 3049 dicuntur,
251 2972 340 3032 rebus
355 2971 437 3032 velut
453 2990 490 3032 ex
506 2971 589 3032 turba
605 2975 743 3033 extractis
759 2981 788 3032 et
806 2975 834 3032 in
849 2983 1009 3053 conspectu
1026 2972 1098 3032 iudi-

93 3073 158 3116 cum
173 3057 290 3133 positis;
314 3056 367 3116 sed
387 3055 482 3116 reiicit
504 3072 621 3134 quoque
642 3057 806 3118 audientem
824 3067 905 3117 certo
921 3055 1099 3134 singularum

92 3140 216 3218 partium
231 3138 305 3214 fine,
326 3156 384 3199 non
397 3141 483 3199 aliter
504 3158 587 3218 quam
611 3141 783 3202 facientibus
798 3144 854 3202 iter
866 3142 985 3201 multum
1004 3140 1098 3199 detra-

93 3222 164 3282 hunt
184 3221 359 3299 fatigationis
382 3231 480 3282 notata
501 3225 647 3304 inscriptis
669 3224 811 3305 lapidibus
835 3225 937 3303 spatia.
974 3220 1045 3282 Nam
1070 3230 1141 3285 etti»

93 3305 227 3366 exhausti
250 3305 359 3366 laboris
380 3323 468 3365 nosse
493 3325 654 3369 mensuram
672 3310 814 3387 uoluptati
836 3317 897 3384 est,
919 3316 948 3366 et
968 3306 1100 3365 bortatur

93 3391 129 3450 ad
145 3389 258 3468 reliqua
271 3389 373 3450 fortius
389 3390 560 3468 exequenda
575 3394 669 3469 scire,
693 3401 827 3472 quantum
849 3390 985 3470 supersit.
1021 3388 1098 3448 Nihil

92 3477 170 3535 euim
192 3474 310 3554 longum
330 3473 424 3534 videri
446 3490 570 3534 necesso
594 3485 656 3551 est,
681 3477 708 3534 in
728 3492 803 3554 qno,
827 3473 893 3552 quid
909 3474 1036 3533 ultimum
1050 3473 1097 3548 sit,

1155 3523 1289 3680 A
