<?xml version="1.0" encoding="UTF-8"?>
<!DOCTYPE html PUBLIC "-//W3C//DTD XHTML 1.0 Transitional//EN"
    "http://www.w3.org/TR/xhtml1/DTD/xhtml1-transitional.dtd">
<html xmlns="http://www.w3.org/1999/xhtml" xml:lang="en" lang="en">
 <head>
  <title>
</title>
<meta http-equiv="Content-Type" content="text/html;charset=utf-8" />
  <meta name='ocr-system' content='tesseract 3.04.00' />
  <meta name='ocr-capabilities' content='ocr_page ocr_carea ocr_par ocr_line ocrx_word'/>
</head>
<body>
  <div class='ocr_page' id='page_1' title='image "./mfabiiquintilia19quingoog_0105.png"; bbox 0 0 2570 3946; ppageno 0'>
   <div class='ocr_carea' id='block_1_1' title="bbox 192 211 880 286">
    <p class='ocr_par' dir='ltr' id='par_1_1' title="bbox 192 211 880 286">
     <span class='ocr_line' id='line_1_1' title="bbox 192 211 880 286; baseline 0.003 -12"><span class='ocrx_word' id='word_1_1' title='bbox 192 211 235 274; x_wconf 78' lang='lat'><strong>82</strong></span> <span class='ocrx_word' id='word_1_2' title='bbox 510 227 546 274; x_wconf 88' lang='lat' dir='ltr'><strong>u.</strong></span> <span class='ocrx_word' id='word_1_3' title='bbox 562 226 641 274; x_wconf 76' lang='lat' dir='ltr'><strong>san.</strong></span> <span class='ocrx_word' id='word_1_4' title='bbox 658 226 880 286; x_wconf 78' lang='lat' dir='ltr'><strong>onmnunrsun</strong></span> 
     </span>
    </p>
   </div>
   <div class='ocr_carea' id='block_1_2' title="bbox 190 381 1197 544">
    <p class='ocr_par' dir='ltr' id='par_1_2' title="bbox 190 381 1197 544">
     <span class='ocr_line' id='line_1_2' title="bbox 191 381 1197 460; baseline 0.009 -18"><span class='ocrx_word' id='word_1_5' title='bbox 191 391 337 456; x_wconf 85' lang='lat' dir='ltr'><strong>nostrum,</strong></span> <span class='ocrx_word' id='word_1_6' title='bbox 367 399 441 460; x_wconf 84' lang='lat' dir='ltr'><strong>qnae</strong></span> <span class='ocrx_word' id='word_1_7' title='bbox 466 381 561 441; x_wconf 85' lang='lat' dir='ltr'><strong>lutura</strong></span> <span class='ocrx_word' id='word_1_8' title='bbox 582 382 646 451; x_wconf 79' lang='lat' dir='ltr'><strong>unui</strong></span> <span class='ocrx_word' id='word_1_9' title='bbox 667 381 761 441; x_wconf 89' lang='lat' dir='ltr'><strong>bonae</strong></span> <span class='ocrx_word' id='word_1_10' title='bbox 783 385 886 442; x_wconf 88' lang='lat' dir='ltr'><strong>mentis</strong></span> <span class='ocrx_word' id='word_1_11' title='bbox 906 383 1197 452; x_wconf 73' lang='lat' dir='ltr'><strong>iunenbnnarbitm</strong></span> 
     </span>
     <span class='ocr_line' id='line_1_3' title="bbox 190 465 709 544; baseline -0.013 -14"><span class='ocrx_word' id='word_1_12' title='bbox 190 483 262 542; x_wconf 83' lang='lat' dir='ltr'><strong>ntur,</strong></span> <span class='ocrx_word' id='word_1_13' title='bbox 278 465 362 526; x_wconf 82' lang='lat' dir='ltr'><strong>nobis</strong></span> <span class='ocrx_word' id='word_1_14' title='bbox 379 475 461 526; x_wconf 81' lang='lat' dir='ltr'><strong>certe</strong></span> <span class='ocrx_word' id='word_1_15' title='bbox 476 473 542 525; x_wconf 89' lang='lat' dir='ltr'><strong>suut</strong></span> <span class='ocrx_word' id='word_1_16' title='bbox 556 465 709 544; x_wconf 80' lang='lat' dir='ltr'><strong>voluptati.</strong></span> 
     </span>
    </p>
   </div>
   <div class='ocr_carea' id='block_1_3' title="bbox 510 606 879 672">
    <p class='ocr_par' dir='ltr' id='par_1_3' title="bbox 510 606 879 672">
     <span class='ocr_line' id='line_1_4' title="bbox 510 606 879 672; baseline 0.011 -12"><span class='ocrx_word' id='word_1_17' title='bbox 510 606 584 672; x_wconf 78' lang='lat' dir='ltr'>QUIS</span> <span class='ocrx_word' id='word_1_18' title='bbox 601 607 713 662; x_wconf 86' lang='lat' dir='ltr'>MODUS</span> <span class='ocrx_word' id='word_1_19' title='bbox 731 609 764 662; x_wconf 87' lang='lat' dir='ltr'><strong>IN</strong></span> <span class='ocrx_word' id='word_1_20' title='bbox 781 611 879 665; x_wconf 77' lang='lat' dir='ltr'><strong>Aaou.</strong></span> 
     </span>
    </p>
   </div>
   <div class='ocr_carea' id='block_1_4' title="bbox 161 706 1202 3238">
    <p class='ocr_par' dir='ltr' id='par_1_4' title="bbox 189 706 1201 1298">
     <span class='ocr_line' id='line_1_5' title="bbox 273 706 1201 790; baseline 0.004 -20"><span class='ocrx_word' id='word_1_21' title='bbox 273 707 352 770; x_wconf 86' lang='lat' dir='ltr'><strong>Xlll.</strong></span> <span class='ocrx_word' id='word_1_22' title='bbox 382 706 475 768; x_wconf 89' lang='lat' dir='ltr'><strong>Nemo</strong></span> <span class='ocrx_word' id='word_1_23' title='bbox 494 717 619 771; x_wconf 86' lang='lat' dir='ltr'><strong>autema</strong></span> <span class='ocrx_word' id='word_1_24' title='bbox 634 725 680 772; x_wconf 85' lang='lat' dir='ltr'><strong>ms</strong></span> <span class='ocrx_word' id='word_1_25' title='bbox 697 711 796 787; x_wconf 77' lang='lat' dir='ltr'><strong>exigat</strong></span> <span class='ocrx_word' id='word_1_26' title='bbox 814 709 1080 790; x_wconf 85' lang='lat' dir='ltr'><strong>idpraeoeptorum</strong></span> <span class='ocrx_word' id='word_1_27' title='bbox 1094 731 1201 790; x_wconf 72' lang='lat' dir='ltr'><strong>garos,</strong></span> 
     </span>
     <span class='ocr_line' id='line_1_6' title="bbox 191 790 1201 875; baseline 0.002 -21"><span class='ocrx_word' id='word_1_28' title='bbox 191 793 269 874; x_wconf 90' lang='lat' dir='ltr'><strong>quod</strong></span> <span class='ocrx_word' id='word_1_29' title='bbox 288 800 334 852; x_wconf 89' lang='lat' dir='ltr'><strong>est</strong></span> <span class='ocrx_word' id='word_1_30' title='bbox 354 809 370 850; x_wconf 95' lang='lat' dir='ltr'><strong>a</strong></span> <span class='ocrx_word' id='word_1_31' title='bbox 394 790 545 870; x_wconf 81' lang='lat' dir='ltr'><strong>plerisque</strong></span> <span class='ocrx_word' id='word_1_32' title='bbox 563 792 756 871; x_wconf 75' lang='lat' dir='ltr'><strong>scriptoribus</strong></span> <span class='ocrx_word' id='word_1_33' title='bbox 772 796 873 858; x_wconf 85' lang='lat' dir='ltr'><strong>artium</strong></span> <span class='ocrx_word' id='word_1_34' title='bbox 896 795 1046 872; x_wconf 83' lang='lat' dir='ltr'><strong>traditum,</strong></span> <span class='ocrx_word' id='word_1_35' title='bbox 1067 805 1098 856; x_wconf 89' lang='lat' dir='ltr'><strong>ut</strong></span> <span class='ocrx_word' id='word_1_36' title='bbox 1118 799 1201 875; x_wconf 79' lang='lat' dir='ltr'><strong>quani</strong></span> 
     </span>
     <span class='ocr_line' id='line_1_7' title="bbox 191 875 1200 957; baseline 0.003 -20"><span class='ocrx_word' id='word_1_37' title='bbox 191 877 328 957; x_wconf 86' lang='lat' dir='ltr'><strong>quasdam</strong></span> <span class='ocrx_word' id='word_1_38' title='bbox 348 875 433 953; x_wconf 81' lang='lat' dir='ltr'><strong>legas</strong></span> <span class='ocrx_word' id='word_1_39' title='bbox 462 876 628 940; x_wconf 80' lang='lat' dir='ltr'><strong>immutabili</strong></span> <span class='ocrx_word' id='word_1_40' title='bbox 656 879 833 946; x_wconf 80' lang='lat' dir='ltr'><strong>neeessiuoe</strong></span> <span class='ocrx_word' id='word_1_41' title='bbox 861 881 1034 942; x_wconf 85' lang='lat' dir='ltr'><strong>constuiotas</strong></span> <span class='ocrx_word' id='word_1_42' title='bbox 1062 881 1200 952; x_wconf 83' lang='lat' dir='ltr'><strong>studiosis</strong></span> 
     </span>
     <span class='ocr_line' id='line_1_8' title="bbox 191 959 1201 1042; baseline 0.005 -19"><span class='ocrx_word' id='word_1_43' title='bbox 191 959 306 1023; x_wconf 86' lang='lat' dir='ltr'><strong>dioendi</strong></span> <span class='ocrx_word' id='word_1_44' title='bbox 322 959 429 1022; x_wconf 84' lang='lat' dir='ltr'><strong>ieram:</strong></span> <span class='ocrx_word' id='word_1_45' title='bbox 453 962 554 1039; x_wconf 90' lang='lat' dir='ltr'><strong>ntique</strong></span> <span class='ocrx_word' id='word_1_46' title='bbox 570 963 751 1040; x_wconf 81' lang='lat' dir='ltr'><strong>prooemium</strong></span> <span class='ocrx_word' id='word_1_47' title='bbox 771 970 800 1024; x_wconf 88' lang='lat' dir='ltr'><strong>et</strong></span> <span class='ocrx_word' id='word_1_48' title='bbox 813 963 843 1024; x_wconf 87' lang='lat' dir='ltr'><strong>iul</strong></span> <span class='ocrx_word' id='word_1_49' title='bbox 857 963 959 1042; x_wconf 91' lang='lat' dir='ltr'><strong>quale,</strong></span> <span class='ocrx_word' id='word_1_50' title='bbox 982 963 1201 1042; x_wconf 72' lang='lat' dir='ltr'><strong>proximonum</strong></span> 
     </span>
     <span class='ocr_line' id='line_1_9' title="bbox 190 1045 1200 1128; baseline 0.003 -22"><span class='ocrx_word' id='word_1_51' title='bbox 190 1046 328 1120; x_wconf 77' lang='lat' dir='ltr'><strong>narratio,</strong></span> <span class='ocrx_word' id='word_1_52' title='bbox 345 1063 419 1123; x_wconf 87' lang='lat' dir='ltr'><strong>quae</strong></span> <span class='ocrx_word' id='word_1_53' title='bbox 436 1047 486 1106; x_wconf 83' lang='lat' dir='ltr'><strong>lax</strong></span> <span class='ocrx_word' id='word_1_54' title='bbox 501 1045 606 1108; x_wconf 88' lang='lat' dir='ltr'><strong>deinde</strong></span> <span class='ocrx_word' id='word_1_55' title='bbox 616 1045 770 1124; x_wconf 58' lang='lat' dir='ltr'><strong>arraudi,</strong></span> <span class='ocrx_word' id='word_1_56' title='bbox 788 1049 951 1126; x_wconf 72' lang='lat' dir='ltr'><strong>propositio</strong></span> <span class='ocrx_word' id='word_1_57' title='bbox 966 1057 1035 1128; x_wconf 89' lang='lat' dir='ltr'><strong>post</strong></span> <span class='ocrx_word' id='word_1_58' title='bbox 1050 1048 1124 1114; x_wconf 80' lang='lat' dir='ltr'><strong>luauo</strong></span> <span class='ocrx_word' id='word_1_59' title='bbox 1138 1050 1200 1126; x_wconf 80' lang='lat' dir='ltr'><strong>vel,</strong></span> 
     </span>
     <span class='ocr_line' id='line_1_10' title="bbox 189 1127 1200 1211; baseline 0.004 -21"><span class='ocrx_word' id='word_1_60' title='bbox 189 1139 225 1190; x_wconf 82' lang='lat' dir='ltr'><strong>na</strong></span> <span class='ocrx_word' id='word_1_61' title='bbox 238 1127 408 1209; x_wconf 86' lang='lat' dir='ltr'><strong>quibusdam</strong></span> <span class='ocrx_word' id='word_1_62' title='bbox 418 1130 537 1210; x_wconf 86' lang='lat' dir='ltr'><strong>plaouit,</strong></span> <span class='ocrx_word' id='word_1_63' title='bbox 551 1132 700 1208; x_wconf 77' lang='lat' dir='ltr'><strong>excursio,</strong></span> <span class='ocrx_word' id='word_1_64' title='bbox 722 1140 781 1194; x_wconf 89' lang='lat' dir='ltr'><strong>tum</strong></span> <span class='ocrx_word' id='word_1_65' title='bbox 794 1140 891 1196; x_wconf 83' lang='lat' dir='ltr'><strong>osrtus</strong></span> <span class='ocrx_word' id='word_1_66' title='bbox 907 1132 981 1194; x_wconf 91' lang='lat' dir='ltr'><strong>ordo</strong></span> <span class='ocrx_word' id='word_1_67' title='bbox 997 1136 1200 1211; x_wconf 69' lang='lat' dir='ltr'><strong>quaestionum</strong></span> 
     </span>
     <span class='ocr_line' id='line_1_11' title="bbox 191 1214 1200 1298; baseline 0 -20"><span class='ocrx_word' id='word_1_68' title='bbox 191 1223 366 1292; x_wconf 76' lang='lat' dir='ltr'><strong>ceteraque,</strong></span> <span class='ocrx_word' id='word_1_69' title='bbox 387 1231 478 1293; x_wconf 78' lang='lat' dir='ltr'><strong>quae,</strong></span> <span class='ocrx_word' id='word_1_70' title='bbox 501 1214 582 1277; x_wconf 86' lang='lat' dir='ltr'><strong>velut</strong></span> <span class='ocrx_word' id='word_1_71' title='bbox 602 1217 628 1276; x_wconf 87' lang='lat' dir='ltr'><strong>si</strong></span> <span class='ocrx_word' id='word_1_72' title='bbox 650 1215 735 1276; x_wconf 89' lang='lat' dir='ltr'><strong>aliter</strong></span> <span class='ocrx_word' id='word_1_73' title='bbox 755 1215 855 1280; x_wconf 82' lang='lat' dir='ltr'><strong>iacere</strong></span> <span class='ocrx_word' id='word_1_74' title='bbox 870 1216 914 1277; x_wconf 87' lang='lat' dir='ltr'><strong>las</strong></span> <span class='ocrx_word' id='word_1_75' title='bbox 930 1234 987 1278; x_wconf 89' lang='lat' dir='ltr'><strong>nou</strong></span> <span class='ocrx_word' id='word_1_76' title='bbox 1007 1221 1059 1294; x_wconf 86' lang='lat' dir='ltr'><strong>sit,</strong></span> <span class='ocrx_word' id='word_1_77' title='bbox 1085 1219 1200 1298; x_wconf 86' lang='lat' dir='ltr'><strong>quidam</strong></span> 
     </span>
    </p>

    <p class='ocr_par' dir='ltr' id='par_1_5' title="bbox 161 1298 1202 3238">
     <span class='ocr_line' id='line_1_12' title="bbox 161 1298 1199 1382; baseline 0.001 -21"><span class='ocrx_word' id='word_1_78' title='bbox 161 1309 322 1379; x_wconf 68' lang='lat' dir='ltr'><strong>tunquam</strong></span> <span class='ocrx_word' id='word_1_79' title='bbox 338 1301 409 1360; x_wconf 86' lang='lat' dir='ltr'><strong>iussi</strong></span> <span class='ocrx_word' id='word_1_80' title='bbox 424 1301 467 1360; x_wconf 88' lang='lat' dir='ltr'><strong>sio</strong></span> <span class='ocrx_word' id='word_1_81' title='bbox 482 1307 649 1378; x_wconf 87' lang='lat' dir='ltr'><strong>sequuntur.</strong></span> <span class='ocrx_word' id='word_1_82' title='bbox 694 1298 767 1360; x_wconf 83' lang='lat' dir='ltr'><strong>llrat</strong></span> <span class='ocrx_word' id='word_1_83' title='bbox 785 1301 862 1361; x_wconf 86' lang='lat' dir='ltr'><strong>enim</strong></span> <span class='ocrx_word' id='word_1_84' title='bbox 883 1301 1031 1364; x_wconf 75' lang='lat' dir='ltr'><strong>rhetorice</strong></span> <span class='ocrx_word' id='word_1_85' title='bbox 1049 1321 1098 1364; x_wconf 87' lang='lat' dir='ltr'><strong>res</strong></span> <span class='ocrx_word' id='word_1_86' title='bbox 1115 1320 1199 1382; x_wconf 75' lang='lat' dir='ltr'><strong>poor·</strong></span> 
     </span>
     <span class='ocr_line' id='line_1_13' title="bbox 190 1379 1200 1466; baseline 0.002 -21"><span class='ocrx_word' id='word_1_87' title='bbox 190 1402 240 1445; x_wconf 89' lang='lat' dir='ltr'><strong>sus</strong></span> <span class='ocrx_word' id='word_1_88' title='bbox 255 1379 352 1444; x_wconf 85' lang='lat' dir='ltr'><strong>laoilis</strong></span> <span class='ocrx_word' id='word_1_89' title='bbox 364 1401 402 1444; x_wconf 85' lang='lat' dir='ltr'><strong>ao</strong></span> <span class='ocrx_word' id='word_1_90' title='bbox 414 1401 516 1462; x_wconf 86' lang='lat' dir='ltr'><strong>parva,</strong></span> <span class='ocrx_word' id='word_1_91' title='bbox 532 1385 557 1444; x_wconf 87' lang='lat' dir='ltr'><strong>si</strong></span> <span class='ocrx_word' id='word_1_92' title='bbox 572 1400 630 1444; x_wconf 91' lang='lat' dir='ltr'><strong>nno</strong></span> <span class='ocrx_word' id='word_1_93' title='bbox 647 1393 676 1444; x_wconf 90' lang='lat' dir='ltr'><strong>et</strong></span> <span class='ocrx_word' id='word_1_94' title='bbox 689 1383 772 1446; x_wconf 86' lang='lat' dir='ltr'><strong>brevi</strong></span> <span class='ocrx_word' id='word_1_95' title='bbox 784 1387 969 1466; x_wconf 74' lang='lat' dir='ltr'><strong>praescripto</strong></span> <span class='ocrx_word' id='word_1_96' title='bbox 984 1389 1200 1457; x_wconf 64' lang='lat' dir='ltr'><strong>communetotum</strong></span> 
     </span>
     <span class='ocr_line' id='line_1_14' title="bbox 190 1467 1184 1548; baseline 0.004 -18"><span class='ocrx_word' id='word_1_97' title='bbox 190 1468 243 1530; x_wconf 89' lang='lat' dir='ltr'><strong>sed</strong></span> <span class='ocrx_word' id='word_1_98' title='bbox 258 1473 401 1528; x_wconf 78' lang='lat' dir='ltr'><strong>mummium</strong></span> <span class='ocrx_word' id='word_1_99' title='bbox 415 1467 558 1546; x_wconf 86' lang='lat' dir='ltr'><strong>pleraque</strong></span> <span class='ocrx_word' id='word_1_100' title='bbox 573 1470 680 1545; x_wconf 80' lang='lat' dir='ltr'><strong>nausis,</strong></span> <span class='ocrx_word' id='word_1_101' title='bbox 696 1469 888 1548; x_wconf 84' lang='lat' dir='ltr'><strong>temporibus,</strong></span> <span class='ocrx_word' id='word_1_102' title='bbox 905 1473 1073 1548; x_wconf 76' lang='lat' dir='ltr'><strong>uocantem,</strong></span> <span class='ocrx_word' id='word_1_103' title='bbox 1092 1490 1184 1534; x_wconf 83' lang='lat' dir='ltr'><strong>nenas</strong></span> 
     </span>
     <span class='ocr_line' id='line_1_15' title="bbox 190 1550 1199 1635; baseline 0.003 -22"><span class='ocrx_word' id='word_1_104' title='bbox 190 1555 287 1614; x_wconf 81' lang='lat' dir='ltr'><strong>nitate.</strong></span> <span class='ocrx_word' id='word_1_105' title='bbox 331 1550 429 1630; x_wconf 81' lang='lat' dir='ltr'><strong>Atque</strong></span> <span class='ocrx_word' id='word_1_106' title='bbox 451 1551 517 1612; x_wconf 89' lang='lat' dir='ltr'><strong>ideo</strong></span> <span class='ocrx_word' id='word_1_107' title='bbox 539 1570 588 1612; x_wconf 85' lang='lat' dir='ltr'><strong>res</strong></span> <span class='ocrx_word' id='word_1_108' title='bbox 608 1555 638 1614; x_wconf 90' lang='lat' dir='ltr'><strong>in</strong></span> <span class='ocrx_word' id='word_1_109' title='bbox 658 1562 776 1616; x_wconf 86' lang='lat' dir='ltr'><strong>oratore</strong></span> <span class='ocrx_word' id='word_1_110' title='bbox 799 1556 960 1635; x_wconf 73' lang='lat' dir='ltr'><strong>praecipua</strong></span> <span class='ocrx_word' id='word_1_111' title='bbox 973 1557 1125 1619; x_wconf 86' lang='lat' dir='ltr'><strong>eonsilium</strong></span> <span class='ocrx_word' id='word_1_112' title='bbox 1140 1565 1199 1633; x_wconf 89' lang='lat' dir='ltr'><strong>ast,</strong></span> 
     </span>
     <span class='ocr_line' id='line_1_16' title="bbox 164 1636 1197 1718; baseline 0.002 -17"><span class='ocrx_word' id='word_1_113' title='bbox 164 1639 259 1718; x_wconf 77' lang='lat' dir='ltr'><strong>aquia</strong></span> <span class='ocrx_word' id='word_1_114' title='bbox 273 1637 354 1697; x_wconf 83' lang='lat' dir='ltr'><strong>uarie</strong></span> <span class='ocrx_word' id='word_1_115' title='bbox 372 1645 401 1696; x_wconf 89' lang='lat' dir='ltr'><strong>et</strong></span> <span class='ocrx_word' id='word_1_116' title='bbox 420 1636 568 1698; x_wconf 82' lang='lat' dir='ltr'><strong>adrerum</strong></span> <span class='ocrx_word' id='word_1_117' title='bbox 580 1648 724 1702; x_wconf 84' lang='lat' dir='ltr'><strong>momento</strong></span> <span class='ocrx_word' id='word_1_118' title='bbox 739 1640 927 1700; x_wconf 73' lang='lat' dir='ltr'><strong>convertitur.</strong></span> <span class='ocrx_word' id='word_1_119' title='bbox 968 1638 1065 1712; x_wconf 80' lang='lat' dir='ltr'><strong>Quin?</strong></span> <span class='ocrx_word' id='word_1_120' title='bbox 1081 1643 1106 1700; x_wconf 89' lang='lat' dir='ltr'><strong>si</strong></span> <span class='ocrx_word' id='word_1_121' title='bbox 1124 1643 1197 1703; x_wconf 84' lang='lat' dir='ltr'><strong>enin</strong></span> 
     </span>
     <span class='ocr_line' id='line_1_17' title="bbox 190 1722 1198 1802; baseline 0.002 -20"><span class='ocrx_word' id='word_1_122' title='bbox 190 1723 355 1802; x_wconf 77' lang='lat' dir='ltr'><strong>praecipias</strong></span> <span class='ocrx_word' id='word_1_123' title='bbox 372 1722 556 1800; x_wconf 88' lang='lat' dir='ltr'><strong>imperatori,</strong></span> <span class='ocrx_word' id='word_1_124' title='bbox 573 1723 708 1800; x_wconf 86' lang='lat' dir='ltr'><strong>quotiens</strong></span> <span class='ocrx_word' id='word_1_125' title='bbox 724 1725 818 1784; x_wconf 87' lang='lat' dir='ltr'><strong>aoiem</strong></span> <span class='ocrx_word' id='word_1_126' title='bbox 834 1724 973 1798; x_wconf 79' lang='lat' dir='ltr'><strong>instruet,</strong></span> <span class='ocrx_word' id='word_1_127' title='bbox 994 1723 1100 1799; x_wconf 79' lang='lat' dir='ltr'><strong>dirigat</strong></span> <span class='ocrx_word' id='word_1_128' title='bbox 1117 1725 1198 1786; x_wconf 89' lang='lat' dir='ltr'><strong>iron-</strong></span> 
     </span>
     <span class='ocr_line' id='line_1_18' title="bbox 190 1806 1199 1886; baseline 0.001 -19"><span class='ocrx_word' id='word_1_129' title='bbox 190 1817 263 1882; x_wconf 86' lang='lat' dir='ltr'><strong>tam,</strong></span> <span class='ocrx_word' id='word_1_130' title='bbox 291 1822 399 1866; x_wconf 89' lang='lat' dir='ltr'><strong>oornua</strong></span> <span class='ocrx_word' id='word_1_131' title='bbox 415 1808 549 1885; x_wconf 86' lang='lat' dir='ltr'><strong>utrinque</strong></span> <span class='ocrx_word' id='word_1_132' title='bbox 570 1817 757 1886; x_wconf 88' lang='lat' dir='ltr'><strong>promoveat,</strong></span> <span class='ocrx_word' id='word_1_133' title='bbox 781 1807 894 1884; x_wconf 83' lang='lat' dir='ltr'><strong>equites</strong></span> <span class='ocrx_word' id='word_1_134' title='bbox 916 1823 970 1884; x_wconf 88' lang='lat' dir='ltr'><strong>pro</strong></span> <span class='ocrx_word' id='word_1_135' title='bbox 992 1806 1130 1868; x_wconf 78' lang='lat' dir='ltr'><strong>cornibus</strong></span> <span class='ocrx_word' id='word_1_136' title='bbox 1154 1807 1199 1868; x_wconf 91' lang='lat' dir='ltr'><strong>lo-</strong></span> 
     </span>
     <span class='ocr_line' id='line_1_19' title="bbox 191 1890 1200 1970; baseline 0.001 -18"><span class='ocrx_word' id='word_1_137' title='bbox 191 1900 252 1952; x_wconf 85' lang='lat' dir='ltr'><strong>cet:</strong></span> <span class='ocrx_word' id='word_1_138' title='bbox 283 1893 338 1951; x_wconf 88' lang='lat' dir='ltr'><strong>erit</strong></span> <span class='ocrx_word' id='word_1_139' title='bbox 364 1890 439 1952; x_wconf 87' lang='lat' dir='ltr'><strong>haee</strong></span> <span class='ocrx_word' id='word_1_140' title='bbox 466 1890 581 1970; x_wconf 88' lang='lat' dir='ltr'><strong>quidem</strong></span> <span class='ocrx_word' id='word_1_141' title='bbox 605 1893 766 1953; x_wconf 81' lang='lat' dir='ltr'><strong>rectissima</strong></span> <span class='ocrx_word' id='word_1_142' title='bbox 792 1891 919 1951; x_wconf 84' lang='lat' dir='ltr'><strong>fortasse</strong></span> <span class='ocrx_word' id='word_1_143' title='bbox 943 1892 1035 1966; x_wconf 84' lang='lat' dir='ltr'><strong>ratio,</strong></span> <span class='ocrx_word' id='word_1_144' title='bbox 1062 1894 1200 1968; x_wconf 84' lang='lat' dir='ltr'><strong>quotiens</strong></span> 
     </span>
     <span class='ocr_line' id='line_1_20' title="bbox 190 1974 1200 2051; baseline 0.001 -14"><span class='ocrx_word' id='word_1_145' title='bbox 190 1975 303 2043; x_wconf 83' lang='lat' dir='ltr'><strong>lioabit;</strong></span> <span class='ocrx_word' id='word_1_146' title='bbox 326 1974 380 2034; x_wconf 86' lang='lat' dir='ltr'><strong>sed</strong></span> <span class='ocrx_word' id='word_1_147' title='bbox 401 1974 555 2036; x_wconf 83' lang='lat' dir='ltr'><strong>mutabitur</strong></span> <span class='ocrx_word' id='word_1_148' title='bbox 572 1976 763 2050; x_wconf 69' lang='lat' dir='ltr'><strong>naturalem,</strong></span> <span class='ocrx_word' id='word_1_149' title='bbox 785 1977 810 2038; x_wconf 89' lang='lat' dir='ltr'><strong>si</strong></span> <span class='ocrx_word' id='word_1_150' title='bbox 825 1991 906 2036; x_wconf 86' lang='lat' dir='ltr'><strong>mons</strong></span> <span class='ocrx_word' id='word_1_151' title='bbox 928 1984 1079 2051; x_wconf 85' lang='lat' dir='ltr'><strong>ooourrat,</strong></span> <span class='ocrx_word' id='word_1_152' title='bbox 1102 1977 1127 2038; x_wconf 87' lang='lat' dir='ltr'><strong>si</strong></span> <span class='ocrx_word' id='word_1_153' title='bbox 1146 1977 1200 2038; x_wconf 86' lang='lat' dir='ltr'><strong>llu-</strong></span> 
     </span>
     <span class='ocr_line' id='line_1_21' title="bbox 189 2058 1200 2138; baseline 0 -16"><span class='ocrx_word' id='word_1_154' title='bbox 189 2079 255 2122; x_wconf 87' lang='lat' dir='ltr'><strong>meu</strong></span> <span class='ocrx_word' id='word_1_155' title='bbox 280 2059 424 2135; x_wconf 78' lang='lat' dir='ltr'><strong>obstabit,</strong></span> <span class='ocrx_word' id='word_1_156' title='bbox 447 2059 590 2135; x_wconf 80' lang='lat' dir='ltr'><strong>collibus,</strong></span> <span class='ocrx_word' id='word_1_157' title='bbox 613 2060 710 2134; x_wconf 84' lang='lat' dir='ltr'><strong>silvis,</strong></span> <span class='ocrx_word' id='word_1_158' title='bbox 733 2061 892 2138; x_wconf 86' lang='lat' dir='ltr'><strong>asperitate</strong></span> <span class='ocrx_word' id='word_1_159' title='bbox 908 2059 964 2120; x_wconf 93' lang='lat' dir='ltr'><strong>alia</strong></span> <span class='ocrx_word' id='word_1_160' title='bbox 980 2058 1200 2137; x_wconf 86' lang='lat' dir='ltr'><strong>prohibebitur;</strong></span> 
     </span>
     <span class='ocr_line' id='line_1_22' title="bbox 162 2143 1199 2222; baseline -0.001 -15"><span class='ocrx_word' id='word_1_161' title='bbox 162 2143 308 2207; x_wconf 69' lang='lat' dir='ltr'><strong>innutabit</strong></span> <span class='ocrx_word' id='word_1_162' title='bbox 322 2143 448 2204; x_wconf 87' lang='lat' dir='ltr'><strong>bostium</strong></span> <span class='ocrx_word' id='word_1_163' title='bbox 466 2162 577 2222; x_wconf 72' lang='lat' dir='ltr'><strong>penus,</strong></span> <span class='ocrx_word' id='word_1_164' title='bbox 593 2143 712 2204; x_wconf 89' lang='lat' dir='ltr'><strong>mutabit</strong></span> <span class='ocrx_word' id='word_1_165' title='bbox 725 2143 888 2222; x_wconf 85' lang='lat' dir='ltr'><strong>praesentis</strong></span> <span class='ocrx_word' id='word_1_166' title='bbox 905 2143 1038 2207; x_wconf 86' lang='lat' dir='ltr'><strong>eondioio</strong></span> <span class='ocrx_word' id='word_1_167' title='bbox 1057 2145 1199 2206; x_wconf 73' lang='lat' dir='ltr'><strong>discrimi-</strong></span> 
     </span>
     <span class='ocr_line' id='line_1_23' title="bbox 189 2228 1195 2302; baseline 0.004 -14"><span class='ocrx_word' id='word_1_168' title='bbox 189 2231 249 2294; x_wconf 82' lang='lat' dir='ltr'><strong>niu;</strong></span> <span class='ocrx_word' id='word_1_169' title='bbox 273 2245 349 2288; x_wconf 87' lang='lat' dir='ltr'><strong>nuno</strong></span> <span class='ocrx_word' id='word_1_170' title='bbox 369 2231 433 2289; x_wconf 89' lang='lat' dir='ltr'><strong>aoie</strong></span> <span class='ocrx_word' id='word_1_171' title='bbox 454 2229 565 2290; x_wconf 81' lang='lat' dir='ltr'><strong>directa</strong></span> <span class='ocrx_word' id='word_1_172' title='bbox 586 2245 661 2287; x_wconf 88' lang='lat' dir='ltr'><strong>nuno</strong></span> <span class='ocrx_word' id='word_1_173' title='bbox 684 2229 802 2302; x_wconf 80' lang='lat' dir='ltr'><strong>cuneis,</strong></span> <span class='ocrx_word' id='word_1_174' title='bbox 825 2243 900 2288; x_wconf 86' lang='lat' dir='ltr'><strong>nuno</strong></span> <span class='ocrx_word' id='word_1_175' title='bbox 922 2228 1037 2290; x_wconf 82' lang='lat' dir='ltr'><strong>auxiliis</strong></span> <span class='ocrx_word' id='word_1_176' title='bbox 1057 2247 1132 2291; x_wconf 86' lang='lat' dir='ltr'><strong>nuno</strong></span> <span class='ocrx_word' id='word_1_177' title='bbox 1155 2228 1195 2292; x_wconf 74' lang='lat' dir='ltr'><strong>le·</strong></span> 
     </span>
     <span class='ocr_line' id='line_1_24' title="bbox 189 2311 1200 2390; baseline 0.002 -18"><span class='ocrx_word' id='word_1_178' title='bbox 189 2315 279 2390; x_wconf 81' lang='lat' dir='ltr'><strong>giona</strong></span> <span class='ocrx_word' id='word_1_179' title='bbox 293 2311 482 2390; x_wconf 80' lang='lat' dir='ltr'><strong>pugnabitur,</strong></span> <span class='ocrx_word' id='word_1_180' title='bbox 505 2329 708 2390; x_wconf 89' lang='lat' dir='ltr'><strong>nonuunquam</strong></span> <span class='ocrx_word' id='word_1_181' title='bbox 728 2319 810 2388; x_wconf 79' lang='lat' dir='ltr'><strong>terga</strong></span> <span class='ocrx_word' id='word_1_182' title='bbox 831 2313 916 2372; x_wconf 89' lang='lat' dir='ltr'><strong>etiam</strong></span> <span class='ocrx_word' id='word_1_183' title='bbox 932 2311 1049 2376; x_wconf 81' lang='lat' dir='ltr'><strong>dedisse</strong></span> <span class='ocrx_word' id='word_1_184' title='bbox 1064 2313 1200 2380; x_wconf 89' lang='lat' dir='ltr'><strong>simulata</strong></span> 
     </span>
     <span class='ocr_line' id='line_1_25' title="bbox 162 2395 1197 2477; baseline 0 -19"><span class='ocrx_word' id='word_1_185' title='bbox 162 2397 259 2474; x_wconf 72' lang='lat' dir='ltr'><strong>tinga</strong></span> <span class='ocrx_word' id='word_1_186' title='bbox 273 2395 420 2474; x_wconf 87' lang='lat' dir='ltr'><strong>proderit.</strong></span> <span class='ocrx_word' id='word_1_187' title='bbox 459 2395 501 2457; x_wconf 87' lang='lat' dir='ltr'><strong>lta</strong></span> <span class='ocrx_word' id='word_1_188' title='bbox 516 2397 696 2476; x_wconf 84' lang='lat' dir='ltr'><strong>prooemium</strong></span> <span class='ocrx_word' id='word_1_189' title='bbox 710 2398 907 2457; x_wconf 83' lang='lat' dir='ltr'><strong>necessarium</strong></span> <span class='ocrx_word' id='word_1_190' title='bbox 923 2414 959 2457; x_wconf 90' lang='lat' dir='ltr'><strong>an</strong></span> <span class='ocrx_word' id='word_1_191' title='bbox 972 2414 1197 2477; x_wconf 77' lang='lat' dir='ltr'><strong>supervacuum,</strong></span> 
     </span>
     <span class='ocr_line' id='line_1_26' title="bbox 190 2479 1199 2560; baseline 0.001 -19"><span class='ocrx_word' id='word_1_192' title='bbox 190 2481 281 2542; x_wconf 86' lang='lat' dir='ltr'><strong>breve</strong></span> <span class='ocrx_word' id='word_1_193' title='bbox 296 2499 331 2542; x_wconf 94' lang='lat' dir='ltr'><strong>an</strong></span> <span class='ocrx_word' id='word_1_194' title='bbox 346 2480 480 2560; x_wconf 84' lang='lat' dir='ltr'><strong>longius,</strong></span> <span class='ocrx_word' id='word_1_195' title='bbox 504 2481 539 2541; x_wconf 89' lang='lat' dir='ltr'><strong>ad</strong></span> <span class='ocrx_word' id='word_1_196' title='bbox 559 2479 684 2540; x_wconf 81' lang='lat' dir='ltr'><strong>indicem</strong></span> <span class='ocrx_word' id='word_1_197' title='bbox 704 2483 781 2541; x_wconf 86' lang='lat' dir='ltr'><strong>omni</strong></span> <span class='ocrx_word' id='word_1_198' title='bbox 802 2497 938 2542; x_wconf 88' lang='lat' dir='ltr'><strong>sermone</strong></span> <span class='ocrx_word' id='word_1_199' title='bbox 959 2480 1072 2544; x_wconf 87' lang='lat' dir='ltr'><strong>direeto</strong></span> <span class='ocrx_word' id='word_1_200' title='bbox 1093 2499 1129 2542; x_wconf 91' lang='lat' dir='ltr'><strong>an</strong></span> <span class='ocrx_word' id='word_1_201' title='bbox 1146 2481 1199 2542; x_wconf 86' lang='lat' dir='ltr'><strong>ali-</strong></span> 
     </span>
     <span class='ocr_line' id='line_1_27' title="bbox 192 2564 1200 2644; baseline 0 -18"><span class='ocrx_word' id='word_1_202' title='bbox 192 2566 306 2644; x_wconf 89' lang='lat' dir='ltr'><strong>quando</strong></span> <span class='ocrx_word' id='word_1_203' title='bbox 321 2582 429 2627; x_wconf 85' lang='lat' dir='ltr'><strong>averso</strong></span> <span class='ocrx_word' id='word_1_204' title='bbox 449 2583 503 2644; x_wconf 87' lang='lat' dir='ltr'><strong>per</strong></span> <span class='ocrx_word' id='word_1_205' title='bbox 517 2564 642 2642; x_wconf 84' lang='lat' dir='ltr'><strong>aliquam</strong></span> <span class='ocrx_word' id='word_1_206' title='bbox 657 2565 778 2642; x_wconf 79' lang='lat' dir='ltr'><strong>liguram</strong></span> <span class='ocrx_word' id='word_1_207' title='bbox 795 2565 947 2627; x_wconf 77' lang='lat' dir='ltr'><strong>dicendum</strong></span> <span class='ocrx_word' id='word_1_208' title='bbox 965 2567 1018 2640; x_wconf 83' lang='lat' dir='ltr'><strong>sit,</strong></span> <span class='ocrx_word' id='word_1_209' title='bbox 1040 2567 1200 2629; x_wconf 84' lang='lat' dir='ltr'><strong>oonstriota</strong></span> 
     </span>
     <span class='ocr_line' id='line_1_28' title="bbox 190 2649 1200 2726; baseline -0.001 -15"><span class='ocrx_word' id='word_1_210' title='bbox 190 2669 226 2711; x_wconf 89' lang='lat' dir='ltr'><strong>an</strong></span> <span class='ocrx_word' id='word_1_211' title='bbox 240 2650 326 2711; x_wconf 88' lang='lat' dir='ltr'><strong>latios</strong></span> <span class='ocrx_word' id='word_1_212' title='bbox 345 2650 410 2710; x_wconf 78' lang='lat' dir='ltr'><strong>lusa</strong></span> <span class='ocrx_word' id='word_1_213' title='bbox 429 2651 572 2725; x_wconf 86' lang='lat' dir='ltr'><strong>narratio,</strong></span> <span class='ocrx_word' id='word_1_214' title='bbox 597 2651 732 2711; x_wconf 89' lang='lat' dir='ltr'><strong>oontiuua</strong></span> <span class='ocrx_word' id='word_1_215' title='bbox 754 2651 915 2726; x_wconf 72' lang='lat' dir='ltr'><strong>audivisti,</strong></span> <span class='ocrx_word' id='word_1_216' title='bbox 938 2659 1020 2710; x_wconf 85' lang='lat' dir='ltr'><strong>reeta</strong></span> <span class='ocrx_word' id='word_1_217' title='bbox 1040 2667 1076 2711; x_wconf 94' lang='lat' dir='ltr'><strong>an</strong></span> <span class='ocrx_word' id='word_1_218' title='bbox 1096 2649 1200 2712; x_wconf 89' lang='lat' dir='ltr'><strong>ordine</strong></span> 
     </span>
     <span class='ocr_line' id='line_1_29' title="bbox 161 2733 1201 2814; baseline -0.004 -16"><span class='ocrx_word' id='word_1_219' title='bbox 161 2745 177 2798; x_wconf 84' lang='grc'><strong>6</strong></span> <span class='ocrx_word' id='word_1_220' title='bbox 189 2744 371 2814; x_wconf 82' lang='lat' dir='ltr'><strong>permutato,</strong></span> <span class='ocrx_word' id='word_1_221' title='bbox 393 2750 499 2794; x_wconf 88' lang='lat' dir='ltr'><strong>oausae</strong></span> <span class='ocrx_word' id='word_1_222' title='bbox 521 2733 676 2796; x_wconf 79' lang='lat' dir='ltr'><strong>docebunt.</strong></span> <span class='ocrx_word' id='word_1_223' title='bbox 721 2733 852 2814; x_wconf 86' lang='lat' dir='ltr'><strong>itemque</strong></span> <span class='ocrx_word' id='word_1_224' title='bbox 874 2734 912 2796; x_wconf 92' lang='lat' dir='ltr'><strong>de</strong></span> <span class='ocrx_word' id='word_1_225' title='bbox 930 2737 1130 2813; x_wconf 85' lang='lat' dir='ltr'><strong>quaestionum</strong></span> <span class='ocrx_word' id='word_1_226' title='bbox 1150 2751 1201 2796; x_wconf 83' lang='lat' dir='ltr'><strong>or·</strong></span> 
     </span>
     <span class='ocr_line' id='line_1_30' title="bbox 190 2816 1201 2898; baseline -0.002 -18"><span class='ocrx_word' id='word_1_227' title='bbox 190 2819 273 2896; x_wconf 84' lang='lat' dir='ltr'><strong>dine,</strong></span> <span class='ocrx_word' id='word_1_228' title='bbox 296 2837 360 2880; x_wconf 89' lang='lat' dir='ltr'><strong>oum</strong></span> <span class='ocrx_word' id='word_1_229' title='bbox 375 2821 404 2878; x_wconf 92' lang='lat' dir='ltr'><strong>in</strong></span> <span class='ocrx_word' id='word_1_230' title='bbox 418 2816 519 2880; x_wconf 83' lang='lat' dir='ltr'><strong>eadem</strong></span> <span class='ocrx_word' id='word_1_231' title='bbox 534 2821 735 2881; x_wconf 80' lang='lat' dir='ltr'><strong>oontroversia</strong></span> <span class='ocrx_word' id='word_1_232' title='bbox 750 2819 827 2881; x_wconf 93' lang='lat' dir='ltr'><strong>aliud</strong></span> <span class='ocrx_word' id='word_1_233' title='bbox 848 2819 897 2880; x_wconf 93' lang='lat' dir='ltr'><strong>alii</strong></span> <span class='ocrx_word' id='word_1_234' title='bbox 911 2822 987 2898; x_wconf 88' lang='lat' dir='ltr'><strong>parti</strong></span> <span class='ocrx_word' id='word_1_235' title='bbox 1001 2821 1081 2898; x_wconf 88' lang='lat' dir='ltr'><strong>prius</strong></span> <span class='ocrx_word' id='word_1_236' title='bbox 1097 2820 1201 2896; x_wconf 89' lang='lat' dir='ltr'><strong>quaeri</strong></span> 
     </span>
     <span class='ocr_line' id='line_1_31' title="bbox 190 2902 1201 2983; baseline 0 -19"><span class='ocrx_word' id='word_1_237' title='bbox 190 2905 360 2983; x_wconf 83' lang='lat' dir='ltr'><strong>frequenter</strong></span> <span class='ocrx_word' id='word_1_238' title='bbox 392 2903 539 2981; x_wconf 83' lang='lat' dir='ltr'><strong>expediat.</strong></span> <span class='ocrx_word' id='word_1_239' title='bbox 589 2902 694 2981; x_wconf 88' lang='lat' dir='ltr'><strong>Neque</strong></span> <span class='ocrx_word' id='word_1_240' title='bbox 726 2906 801 2965; x_wconf 88' lang='lat' dir='ltr'><strong>enim</strong></span> <span class='ocrx_word' id='word_1_241' title='bbox 832 2903 1033 2981; x_wconf 79' lang='lat' dir='ltr'><strong>rogationibus</strong></span> <span class='ocrx_word' id='word_1_242' title='bbox 1063 2902 1201 2983; x_wconf 83' lang='lat' dir='ltr'><strong>plebisve</strong></span> 
     </span>
     <span class='ocr_line' id='line_1_32' title="bbox 191 2986 1200 3068; baseline -0.003 -19"><span class='ocrx_word' id='word_1_243' title='bbox 191 2990 273 3049; x_wconf 88' lang='lat' dir='ltr'><strong>soitis</strong></span> <span class='ocrx_word' id='word_1_244' title='bbox 288 2996 387 3048; x_wconf 87' lang='lat' dir='ltr'><strong>sanata</strong></span> <span class='ocrx_word' id='word_1_245' title='bbox 403 2993 470 3045; x_wconf 87' lang='lat' dir='ltr'><strong>sunt</strong></span> <span class='ocrx_word' id='word_1_246' title='bbox 487 2989 543 3048; x_wconf 88' lang='lat' dir='ltr'><strong>ista</strong></span> <span class='ocrx_word' id='word_1_247' title='bbox 563 2996 740 3067; x_wconf 81' lang='lat' dir='ltr'><strong>praecepta,</strong></span> <span class='ocrx_word' id='word_1_248' title='bbox 762 2989 816 3048; x_wconf 89' lang='lat' dir='ltr'><strong>sed</strong></span> <span class='ocrx_word' id='word_1_249' title='bbox 831 2987 889 3048; x_wconf 88' lang='lat' dir='ltr'><strong>hoe</strong></span> <span class='ocrx_word' id='word_1_250' title='bbox 907 2987 1046 3068; x_wconf 91' lang='lat' dir='ltr'><strong>quidquid</strong></span> <span class='ocrx_word' id='word_1_251' title='bbox 1061 2997 1106 3049; x_wconf 86' lang='lat' dir='ltr'><strong>est</strong></span> <span class='ocrx_word' id='word_1_252' title='bbox 1121 2986 1200 3047; x_wconf 92' lang='lat' dir='ltr'><strong>utili·</strong></span> 
     </span>
     <span class='ocr_line' id='line_1_33' title="bbox 162 3071 1201 3151; baseline 0.001 -18"><span class='ocrx_word' id='word_1_253' title='bbox 162 3078 232 3134; x_wconf 81' lang='lat' dir='ltr'><strong>itas</strong></span> <span class='ocrx_word' id='word_1_254' title='bbox 255 3072 444 3149; x_wconf 78' lang='lat' dir='ltr'><strong>aroogitarit.</strong></span> <span class='ocrx_word' id='word_1_255' title='bbox 489 3071 555 3132; x_wconf 91' lang='lat' dir='ltr'><strong>Non</strong></span> <span class='ocrx_word' id='word_1_256' title='bbox 574 3071 690 3149; x_wconf 81' lang='lat' dir='ltr'><strong>negabo</strong></span> <span class='ocrx_word' id='word_1_257' title='bbox 715 3081 811 3134; x_wconf 88' lang='lat' dir='ltr'><strong>autem</strong></span> <span class='ocrx_word' id='word_1_258' title='bbox 828 3074 871 3132; x_wconf 88' lang='lat' dir='ltr'><strong>sio</strong></span> <span class='ocrx_word' id='word_1_259' title='bbox 887 3072 959 3132; x_wconf 88' lang='lat' dir='ltr'><strong>utile</strong></span> <span class='ocrx_word' id='word_1_260' title='bbox 980 3090 1048 3132; x_wconf 89' lang='lat' dir='ltr'><strong>esse</strong></span> <span class='ocrx_word' id='word_1_261' title='bbox 1071 3072 1201 3151; x_wconf 85' lang='lat' dir='ltr'><strong>plerum·</strong></span> 
     </span>
     <span class='ocr_line' id='line_1_34' title="bbox 191 3155 1202 3238; baseline 0.002 -21"><span class='ocrx_word' id='word_1_262' title='bbox 191 3175 259 3238; x_wconf 78' lang='lat' dir='ltr'><strong>quse,</strong></span> <span class='ocrx_word' id='word_1_263' title='bbox 272 3157 381 3234; x_wconf 90' lang='lat' dir='ltr'><strong>alioqui</strong></span> <span class='ocrx_word' id='word_1_264' title='bbox 395 3171 452 3216; x_wconf 88' lang='lat' dir='ltr'><strong>neo</strong></span> <span class='ocrx_word' id='word_1_265' title='bbox 467 3157 642 3227; x_wconf 84' lang='lat' dir='ltr'><strong>seriberem;</strong></span> <span class='ocrx_word' id='word_1_266' title='bbox 660 3175 778 3234; x_wconf 85' lang='lat' dir='ltr'><strong>verum,</strong></span> <span class='ocrx_word' id='word_1_267' title='bbox 794 3159 819 3218; x_wconf 86' lang='lat' dir='ltr'><strong>si</strong></span> <span class='ocrx_word' id='word_1_268' title='bbox 836 3156 937 3217; x_wconf 88' lang='lat' dir='ltr'><strong>eadem</strong></span> <span class='ocrx_word' id='word_1_269' title='bbox 954 3157 1004 3217; x_wconf 90' lang='lat' dir='ltr'><strong>illa</strong></span> <span class='ocrx_word' id='word_1_270' title='bbox 1020 3157 1104 3217; x_wconf 90' lang='lat' dir='ltr'><strong>nohis</strong></span> <span class='ocrx_word' id='word_1_271' title='bbox 1119 3155 1202 3219; x_wconf 90' lang='lat' dir='ltr'><strong>aliud</strong></span> 
     </span>
    </p>
   </div>
   <div class='ocr_carea' id='block_1_5' title="bbox 160 3239 1202 3576">
    <p class='ocr_par' dir='ltr' id='par_1_6' title="bbox 160 3239 1202 3576">
     <span class='ocr_line' id='line_1_35' title="bbox 191 3239 1202 3320; baseline 0 -18"><span class='ocrx_word' id='word_1_272' title='bbox 191 3239 324 3302; x_wconf 80' lang='lat' dir='ltr'><strong>suadebit</strong></span> <span class='ocrx_word' id='word_1_273' title='bbox 338 3239 466 3319; x_wconf 74' lang='lat' dir='ltr'><strong>utilitas,</strong></span> <span class='ocrx_word' id='word_1_274' title='bbox 482 3241 556 3304; x_wconf 87' lang='lat' dir='ltr'><strong>bano</strong></span> <span class='ocrx_word' id='word_1_275' title='bbox 571 3241 683 3302; x_wconf 78' lang='lat' dir='ltr'><strong>salietis</strong></span> <span class='ocrx_word' id='word_1_276' title='bbox 696 3244 899 3320; x_wconf 83' lang='lat' dir='ltr'><strong>magistrorum</strong></span> <span class='ocrx_word' id='word_1_277' title='bbox 914 3239 1135 3303; x_wconf 87' lang='lat' dir='ltr'><strong>auetoritatibus</strong></span> <span class='ocrx_word' id='word_1_278' title='bbox 1150 3258 1202 3302; x_wconf 87' lang='lat' dir='ltr'><strong>se·</strong></span> 
     </span>
     <span class='ocr_line' id='line_1_36' title="bbox 160 3343 1202 3492; baseline 0.003 -19"><span class='ocrx_word' id='word_1_279' title='bbox 160 3343 416 3488; x_wconf 63' lang='lat' dir='ltr'><strong>&amp;quembbquidem</strong></span> <span class='ocrx_word' id='word_1_280' title='bbox 438 3413 466 3474; x_wconf 87' lang='lat' dir='ltr'><strong>id</strong></span> <span class='ocrx_word' id='word_1_281' title='bbox 491 3413 613 3472; x_wconf 79' lang='lat' dir='ltr'><strong>maxime</strong></span> <span class='ocrx_word' id='word_1_282' title='bbox 629 3412 826 3492; x_wconf 82' lang='lat' dir='ltr'><strong>praecipiam</strong></span> <span class='ocrx_word' id='word_1_283' title='bbox 852 3431 892 3474; x_wconf 87' lang='lat' dir='ltr'><strong>oc</strong></span> <span class='ocrx_word' id='word_1_284' title='bbox 912 3416 1057 3490; x_wconf 82' lang='lat' dir='ltr'><strong>repetens</strong></span> <span class='ocrx_word' id='word_1_285' title='bbox 1074 3410 1202 3476; x_wconf 69' lang='lat' dir='ltr'><strong>stemm-</strong></span> 
     </span>
     <span class='ocr_line' id='line_1_37' title="bbox 191 3493 1200 3576; baseline 0.004 -24"><span class='ocrx_word' id='word_1_286' title='bbox 191 3493 250 3570; x_wconf 83' lang='lat' dir='ltr'><strong>quu&#39;r</strong></span> <span class='ocrx_word' id='word_1_287' title='bbox 270 3493 443 3575; x_wconf 74' lang='lat' dir='ltr'><strong>iterumque</strong></span> <span class='ocrx_word' id='word_1_288' title='bbox 462 3497 605 3560; x_wconf 66' lang='lat' dir='ltr'><strong>ammeio:</strong></span> <span class='ocrx_word' id='word_1_289' title='bbox 628 3515 677 3557; x_wconf 87' lang='lat' dir='ltr'><strong>res</strong></span> <span class='ocrx_word' id='word_1_290' title='bbox 696 3497 767 3560; x_wconf 92' lang='lat' dir='ltr'><strong>duas</strong></span> <span class='ocrx_word' id='word_1_291' title='bbox 789 3499 818 3556; x_wconf 87' lang='lat' dir='ltr'><strong>in</strong></span> <span class='ocrx_word' id='word_1_292' title='bbox 832 3497 908 3558; x_wconf 88' lang='lat' dir='ltr'><strong>omni</strong></span> <span class='ocrx_word' id='word_1_293' title='bbox 921 3503 987 3556; x_wconf 88' lang='lat' dir='ltr'><strong>aotu</strong></span> <span class='ocrx_word' id='word_1_294' title='bbox 1002 3503 1118 3576; x_wconf 82' lang='lat' dir='ltr'><strong>speotet</strong></span> <span class='ocrx_word' id='word_1_295' title='bbox 1133 3509 1200 3556; x_wconf 84' lang='lat' dir='ltr'><strong>ora·</strong></span> 
     </span>
    </p>
   </div>
   <div class='ocr_carea' id='block_1_6' title="bbox 0 0 1290 3946">
    <p class='ocr_par' dir='ltr' id='par_1_7' title="bbox 0 0 1290 3946">
     <span class='ocr_line' id='line_1_38' title="bbox 0 0 1290 3946; baseline 0 0"><span class='ocrx_word' id='word_1_296' title='bbox 0 0 1290 3946; x_wconf 95' lang='lat' dir='ltr'><strong> </strong></span> 
     </span>
    </p>
   </div>
  </div>
 </body>
</html>
