2608 3948
358 253 447 302 man.
466 253 615 302 aaaron.
633 255 703 302 nro.
721 255 835 321 111,11.
1040 246 1099 308 149

98 412 188 486 sient,
211 429 275 471 eurn
290 410 348 471 sint
360 409 461 488 plures
476 409 663 488 quaestiones
678 426 839 487 omnesque
854 425 923 470 suos
939 419 1030 471 status
1048 413 1097 474 ha-

98 495 200 571 beant,
230 511 336 556 causae
361 501 457 554 tamen
477 501 569 552 status
592 511 665 552 unus
688 495 742 569 sit,
765 493 802 553 ad
825 511 911 573 quem
931 494 1097 557 referuntur

98 579 204 638 omnia:
234 579 275 638 ita
294 577 431 637 iudicatio
452 577 575 636 maxime
594 577 731 656 propria,
752 576 789 637 ds
809 595 865 656 qua
884 581 1094 657 pronuntiatur.

96 660 263 740 Σονέχον
285 669 380 723 aulem
396 659 510 740 (quod,
532 668 563 720 ul
578 658 647 736 dlxi,
671 662 826 723 confinem
844 661 903 738 ulli,
922 662 1122 740 firmam-9

96 755 157 807 tam
175 745 225 805 alii
247 752 365 823 putant,
387 739 493 804 Cicero
506 743 713 821 firmissimam
729 749 1021 824 aryamentutionem
1043 748 1096 810 ‹lo-

93 829 227 908 [erssorio
252 836 281 889 et
299 828 538 906 potentissimam
560 827 605 888 ort
624 828 854 904 iudicationem)
875 828 1044 908 quibusdam
1066 832 1096 893 irl

94 912 309 987 videturesse,
331 919 400 990 post
415 910 493 990 quod
512 909 582 972 nihil
599 913 762 990 quaeritur,
783 912 954 992 quibusdam
973 914 1002 975 ial
1017 915 1096 993 quod

95 996 133 1057 art
153 995 361 1057 indicationem
380 995 571 1055 lirmissimum
591 995 719 1056 affertur.
768 995 864 1058 Causa
888 997 959 1058 laeti
985 1015 1043 1057 non
1068 1000 1138 1060 into

95 1096 195 1162 omnes
211 1079 428 1140 controversias
449 1078 535 1140 eadit.
573 1077 645 1139 Nam
660 1096 736 1158 qnae
751 1079 838 1138 luerit
854 1097 941 1140 eausa
957 1081 1094 1158 faciendi,

95 1164 142 1225 nlti
161 1164 270 1225 laetum
284 1159 427 1239 negaturi
466 1160 506 1221 At
519 1159 569 1222 uhi
589 1178 676 1222 eausa
692 1169 849 1238 tractetur,
868 1173 975 1240 negant
991 1166 1095 1225 eodem

94 1246 162 1311 loeo
178 1265 246 1308 esse
262 1247 466 1307 indioationem
480 1261 539 1324 quo
554 1245 765 1324 quaestionem.
793 1243 885 1324 ldque
901 1255 930 1306 et
945 1249 973 1306 in
985 1246 1095 1309 Rheto-

94 1334 163 1394 riois
182 1329 289 1392 Cioero
308 1338 338 1388 et
353 1330 382 1390 in
396 1328 601 1390 Partitionibus
616 1329 695 1389 dieit.
731 1327 849 1390 Nomio
866 1331 1034 1393 oonieetura
1051 1341 1137 1395 estll

94 1416 227 1495 quaestio
244 1432 282 1474 ex
301 1411 371 1472 illo:
394 1411 538 1488 Factum,
560 1431 620 1476 non
632 1413 768 1492 factam,
784 1432 826 1475 an
838 1415 1033 1494 factumest
1053 1414 1096 1477 llri

94 1515 169 1575 ergo
184 1496 338 1570 iudicatio,
360 1494 409 1555 nbi
430 1497 580 1574 quaestio,
602 1497 669 1575 qnia
684 1497 713 1556 in
730 1497 880 1558 eademne
901 1499 991 1577 prima
1007 1516 1095 1579 quae-

93 1584 151 1641 stio
168 1589 198 1640 et
220 1588 350 1640 extrema
365 1578 550 1656 disceptatio.
586 1578 626 1639 At
640 1581 669 1639 in
685 1580 840 1659 qualitate,
863 1580 995 1645 Matrem
1018 1580 1095 1645 Ore-

92 1673 155 1728 stes
169 1664 305 1728 oceidit:
328 1671 431 1733 reme,-
452 1682 512 1725 oon
528 1672 634 1732 reatae
655 1683 697 1725 aa
711 1674 798 1727 reete
812 1665 984 1728 occiderit?
1006 1682 1095 1745 quae-

93 1750 151 1810 stio
166 1767 224 1809 nee
238 1747 333 1808 statim
347 1746 496 1808 iudicatio.
526 1746 648 1820 Quando
665 1745 760 1825 ergo?
784 1746 846 1811 llio
862 1756 985 1828 ροονοοι
998 1767 1097 1810 meam

93 1835 271 1901 oooirierat;
292 1831 349 1893 aed
363 1849 424 1892 non
436 1830 507 1894 ideo
521 1838 552 1892 tu
566 1839 696 1894 matrem
710 1831 843 1894 doluisti
858 1832 1005 1894 occidere
1010 1855 1024 1901 ,·
1046 1827 1095 1892 An

93 1916 257 1980 debuerit?
278 1914 326 1974 lrie
348 1914 496 1974 iudioatio.
525 1911 749 1974 Firmamentum
769 1924 864 1976 autern
881 1914 980 1974 verbis
1003 1917 1138 1994 ipsiusnn

92 2016 214 2078 ponam:
243 2000 272 2059 oi
292 1999 365 2060 velit
389 1995 513 2060 Oresten
533 1999 640 2060 dicero
662 2000 811 2062 ammons·
833 2001 968 2062 ammam
987 2001 1097 2061 matris

91 2103 169 2148 suaa
183 2086 216 2147 ia
227 2091 349 2160 patrem
362 2101 465 2159 mam,
487 2082 520 2144 iat
533 2102 568 2145 aa
580 2083 682 2163 ipsam
697 2102 738 2145 οο
750 2101 889 2160 sorores,
908 2084 941 2146 in
956 2102 1095 2163 requam,

91 2169 254 2248 infamant
266 2169 389 2246 qnaeris
403 2175 433 2230 et
444 2167 600 2246 familiae,
619 2175 653 2228 ut
665 2168 704 2229 alr
718 2187 756 2230 en
767 2186 886 2248 poenas
899 2168 990 2230 libem
1002 2170 1096 2247 potio·

91 2254 201 2316 aarum
212 2253 262 2315 aui
274 2262 380 2331 petere
391 2251 561 2314 debuerim.
580 2251 704 2313 Utuntur
715 2251 763 2312 alii
774 2260 804 2312 et
815 2251 921 2312 talibus
933 2251 1076 2330 exemplis
1087 2273 1093 2311 :
1103 2259 1137 2313 13

94 2333 154 2410 (lai
169 2338 249 2399 borso
262 2342 396 2414 paterna
411 2338 648 2416 ooaarmpaerit,
670 2354 709 2398 ne
724 2338 934 2405 contionatum
951 2339 985 2397 ia
997 2352 1096 2414 opera

90 2419 219 2501 puliim
233 2419 437 2497 oomampaite
459 2420 609 2498 quaestio:
630 2435 689 2495 on,
706 2420 845 2498 quiaquia
861 2419 1094 2496 consumpserit,

90 2501 300 2584 prohibendus
313 2502 375 2562 ait?
392 2501 544 2578 iudicatio,
568 2500 630 2578 Aa,
653 2503 706 2581 qui
719 2503 789 2564 oio?
820 2501 894 2577 Vel,
916 2502 990 2560 utin
1007 2517 1095 2574 causa
1103 2508 1138 2563 14

91 2586 190 2647 militis
206 2583 343 2660 Arrunti,
367 2585 416 2663 qui
437 2581 551 2644 Lnsium
566 2584 708 2645 triltnnum
723 2586 780 2645 vim
795 2583 851 2644 sibi
865 2584 1038 2644 inferentem
1052 2585 1093 2644 in·

92 2670 230 2745 terieoit,
247 2668 396 2749 quaestio:
416 2664 467 2728 An
480 2670 550 2728 iure
561 2668 691 2747 feeerit?
711 2669 800 2729 ratio:
824 2668 907 2746 qaod
923 2668 951 2728 is
966 2668 1029 2728 nim
1044 2667 1094 2746 af-

90 2755 231 2836 ferebam
252 2751 403 2814 iudinatin:
420 2747 470 2811 Aa
481 2751 707 2827 indemnatum,
726 2769 768 2813 aa
784 2749 953 2814 Tribonum
966 2770 988 2812 ο
1001 2751 1094 2814 milite

92 2838 194 2901 oooidi
209 2837 400 2918 oportuerit?
430 2832 563 2895 Alterius
579 2835 664 2896 etiarn
679 2843 770 2896 status
786 2836 1001 2916 quaestionem,
1020 2835 1135 2898 alte-15

91 2922 152 2982 rins
167 2922 373 2984 indicationem
386 2926 496 2999 putant.
524 2919 665 2994 Quaestio
681 2919 842 2999 qualitatis:
864 2916 914 2980 Aa
928 2929 1014 2982 reete
1026 2918 1092 2984 cto

92 3007 178 3068 diam
193 3003 265 3070 llilo
284 3004 455 3068 occiderit?
487 3001 628 3065 Inclinatio
652 3003 874 3079 coniecturalis,
895 3000 945 3065 An
967 3001 1093 3066 Clodius

91 3089 226 3153 insidias
239 3091 372 3168 feeadtl
396 3087 509 3149 Ponant
525 3097 554 3148 et
569 3087 658 3164 illul,
680 3106 770 3168 saepo
787 3106 903 3148 oausam
922 3088 952 3146 in
966 3087 1092 3166 aliquam
1101 3093 1134 3148 16

90 3190 154 3234 rem
171 3173 285 3248 dimitti,
308 3191 383 3252 qnae
398 3189 455 3232 non
471 3174 508 3232 sit
522 3174 641 3252 propria
656 3173 849 3250 quaestionis,
872 3177 902 3230 et
917 3170 954 3230 de
970 3188 1005 3230 ea
1020 3170 1091 3230 iudi-

93 3257 162 3320 eari.
192 3255 219 3316 A
238 3255 342 3335 quibus
357 3256 476 3316 multum
491 3255 641 3317 dissentio.
671 3254 743 3316 Nam
759 3265 788 3316 et
802 3254 853 3316 illa
869 3253 1019 3333 quaestio:
1042 3250 1092 3314 Ara

91 3361 212 3418 omnes,
239 3342 291 3420 qai
316 3348 452 3419 poteras
477 3341 558 3402 borsa
582 3342 840 3419 amorampaerint,
872 3339 1009 3400 onntiono
1032 3340 1093 3400 sint

90 3426 293 3506 prohibendi?
319 3423 425 3484 habeat
447 3431 565 3502 oportet
585 3441 665 3484 suam
684 3423 899 3485 indicationem.
931 3419 1012 3498 Ergo
1033 3436 1093 3480 non

92 3511 149 3573 alia
169 3509 303 3590 quaestio
329 3507 385 3568 alia
406 3505 542 3567 iudicatio
563 3508 632 3583 erit,
656 3506 709 3567 ssd
729 3506 830 3584 plures
853 3504 1042 3583 quaestiones
1063 3511 1094 3564 et
