2592 3940
205 202 269 264 232
523 212 560 260 ss.
576 211 654 258 ran.
670 205 890 268 ournrrnranr

162 381 343 448 aarmpana
367 366 552 446 eloquentiae
571 358 693 426 denas?
728 359 819 440 lgitur
838 368 868 422 et
889 359 958 436 ille,
980 376 1065 438 quem
1084 359 1209 420 institni-

206 471 286 530 mns,
303 450 494 527 adolescens,
513 465 598 526 quam
612 445 735 506 maxime
747 453 857 523 potest,
876 452 1031 522 componat
1045 459 1080 502 se
1094 442 1131 503 ad
1146 444 1210 502 imi·

206 538 345 599 tationem
363 535 506 608 veritatis,
524 532 701 607 initurusque
714 528 883 607 irequonter
898 528 1057 588 forensium
1073 529 1210 587 certami·
1275 599 1276 614 χ

207 637 274 682 num
291 635 416 698 pugnarn
431 617 487 677 iam
503 616 531 674 in
547 611 811 674 sclrolaviotoriarn
827 618 943 689 spectet
958 620 988 672 et
1003 611 1092 672 lerire
1108 610 1210 670 uitalia

208 722 244 764 nc
266 702 341 764 tueri
363 701 453 767 sciat;
475 706 506 758 et
526 704 703 776 praeceptor
722 694 751 755 id
778 696 899 757 maxime
922 695 1039 772 exigat,
1061 694 1210 754 inuentum

208 786 369 865 praecipuo¹
389 781 505 861 probet
541 777 630 856 Nam,
649 787 680 840 ut
695 777 731 838 ad
746 779 847 858 peiora
862 779 981 840 iuuenes
998 776 1085 839 laude
1099 776 1208 838 ducun-

163 878 265 945 aotur,
280 869 319 930 ita
334 865 445 926 laudari
461 866 490 926 io
506 863 590 924 bonis
605 862 741 941 gaudent.
779 861 863 922 Nunc
879 860 950 922 illud
964 859 1040 922 male
1056 867 1113 935 est,
1130 859 1209 938 qnod

206 951 374 1012 necessaria
397 948 568 1026 plerumque
590 946 707 1007 silentio
723 953 887 1020 transeunt,
912 961 967 1005 nec
982 945 1011 1004 lo
1026 942 1151 1006 dicendo
1167 944 1210 1001 vi·

207 1034 291 1095 detur
309 1033 384 1092 inter
398 1031 476 1092 lrona
490 1031 609 1092 utilitas.
647 1029 706 1090 Sed
723 1028 797 1090 lraec
812 1036 842 1088 et
856 1029 884 1088 in
905 1027 963 1088 alio
985 1024 1069 1087 nobis
1083 1034 1210 1086 tractata

207 1125 273 1177 sunt
290 1131 383 1196 opere
400 1124 430 1176 et
447 1116 476 1176 in
493 1114 551 1176 lroo
567 1129 658 1191 saepe
672 1111 841 1191 repetenda.
868 1110 951 1171 Nunc
966 1109 1002 1170 ad
1018 1108 1149 1170 ordinem
1167 1111 1208 1168 in

208 1209 333 1280 ceptum.

558 1325 599 1374 Dii
617 1321 853 1378 musulaniorum

291 1433 369 1494 lllll.
400 1433 600 1493 llelutatio
628 1432 783 1512 dupliciter
811 1431 904 1509 accipi
929 1437 1037 1508 potest.
1083 1429 1157 1492 Nam
1180 1439 1210 1492 et

207 1533 276 1598 pars
293 1515 459 1576 defensoris
478 1524 539 1576 tota
555 1525 600 1576 est
615 1517 709 1594 posita
724 1517 753 1576 in
768 1514 957 1589 refutatione,
975 1522 1020 1588 et,
1040 1531 1115 1591 quae
1130 1514 1210 1575 dicta

208 1607 273 1660 sunt
296 1616 333 1659 ex
350 1598 486 1676 diuerso,
511 1598 617 1660 debent
634 1601 766 1678 utrinque
787 1596 917 1659 dissolri.
954 1596 992 1659 llt
1007 1597 1064 1658 lroc
1079 1606 1125 1657 est
1140 1614 1210 1676 pro·

209 1683 288 1763 prio,
312 1683 357 1743 cni
379 1683 407 1742 in
425 1683 520 1744 causis
540 1692 657 1761 quartus
673 1685 836 1761 assignatur
851 1679 943 1742 locus.
982 1680 1041 1741 Sed
1058 1681 1212 1760 utriusque

208 1765 310 1827 similis
332 1766 465 1827 condicio
488 1775 542 1826 est.
578 1765 681 1845 Neque
701 1782 773 1826 uero
796 1782 834 1825 ex
856 1765 920 1824 aliis
944 1763 1018 1824 locis
1033 1764 1106 1825 ratio
1123 1781 1210 1841 argu-

208 1858 369 1909 mentorum
391 1850 419 1908 in
443 1847 498 1910 lrac
523 1858 606 1927 parte
627 1850 687 1927 peti
710 1856 809 1927 potest
831 1864 915 1928 quapr
935 1849 963 1906 in
979 1847 1209 1923 confirmatione,

210 1950 265 1992 neo
284 1932 415 1992 locorum
430 1941 478 1992 aut
492 1933 697 1992 sententiarum
710 1939 758 1992 aut
772 1930 928 1991 verborum
941 1940 969 1992 et
981 1931 1136 2008 figurarum
1151 1931 1210 1991 alia
1280 1977 1281 1980 ,

180 2019 198 2072 2
211 2015 346 2077 condicio
364 2023 418 2074 est.
455 2015 587 2076 Allectus
602 2014 772 2093 plerumque
787 2014 862 2074 lraec
881 2031 949 2092 pars
963 2015 1093 2074 mitiores
1109 2013 1209 2076 habet.

294 2096 360 2158 Non
380 2098 443 2157 sine
468 2115 555 2159 causa
576 2107 671 2158 tamen
693 2098 838 2158 dillicilius
862 2113 979 2176 semper
994 2106 1039 2158 est
1057 2097 1210 2172 creditum,

211 2178 289 2258 quod
307 2178 412 2239 Cicero
431 2197 521 2258 saepe
539 2189 675 2256 testatur,
692 2179 851 2240 defendere
868 2197 952 2258 quarn
968 2198 1117 2243 accusare.
1149 2180 1210 2239 l’ri·

209 2279 301 2338 mum,
323 2260 401 2340 quod
418 2271 462 2322 cst
476 2281 526 2322 res
541 2263 591 2324 illa
608 2263 783 2343 simplicior,
800 2264 971 2343 proponitur
986 2265 1060 2324 enirn
1074 2280 1132 2323 uno
1147 2281 1210 2324 mo-

210 2346 265 2422 do,
287 2344 455 2407 dissolvitur
474 2347 568 2413 varie;
598 2364 661 2407 oum
682 2347 845 2410 accusatori
875 2349 945 2407 satis
966 2348 1003 2406 sit
1026 2346 1211 2424 plerumque,

209 2447 310 2490 verum
330 2446 397 2488 esse
421 2428 466 2504 id,
491 2430 568 2508 quod
591 2430 748 2492 obiecerit:
775 2439 914 2508 patronus
934 2439 1038 2507 neget,
1061 2429 1210 2506 defendat,

210 2511 382 2588 transierat,
401 2522 533 2589 excuset,
550 2511 734 2592 deprecetur,
750 2513 871 2588 molliat,
888 2514 1003 2588 minuat,
1020 2521 1143 2589 avertat,
1158 2513 1211 2573 de·

210 2595 333 2674 spiciat,
357 2594 497 2656 derideat.
536 2595 633 2670 Quare
655 2595 721 2656 inde
742 2604 824 2656 recta
844 2594 908 2655 iere
927 2605 1032 2675 atque,
1053 2606 1084 2656 ut
1100 2597 1145 2655 sic
1167 2596 1209 2656 di·

209 2678 319 2754 xerim,
342 2678 471 2741 clamosa
486 2688 532 2740 est
546 2681 638 2748 actio;
661 2679 726 2740 hino
742 2679 822 2739 rnille
843 2679 936 2740 llexus
953 2689 982 2740 et
1001 2688 1079 2740 artes
1094 2678 1210 2738 deside-

181 2770 318 2830 arentur.
356 2759 428 2822 'l'um
449 2771 603 2824 accusator
625 2761 831 2841 praemeditata
849 2762 992 2842 pleraque
1010 2763 1095 2823 domo
1114 2761 1210 2837 alleri,

211 2851 349 2922 patronus
366 2845 452 2905 etiarn
463 2845 616 2923 inopinatis
628 2845 798 2925 frequenter
814 2846 949 2906 occurrit.
981 2846 1145 2907 Accusator
1161 2844 1211 2904 dat

210 2934 326 3001 restem,
345 2934 482 3003 patronus
501 2947 539 2988 ex
553 2947 587 2989 re
601 2931 665 3007 ipsa
681 2929 800 2989 refellit.
831 2927 995 2988 Accusator
1010 2929 1156 2988 criminum
1167 2929 1210 2988 in·

210 3008 297 3083 vidia,
314 3008 363 3068 rel
379 3011 403 3069 si
418 3009 493 3070 ialsa
510 3012 576 3089 sint,
592 3013 739 3073 materiam
751 3010 864 3071 dicendi
875 3010 971 3088 trahit,
989 3010 1025 3072 de
1041 3010 1210 3089 parricidio,

211 3091 385 3169 sacrilegio,
413 3094 579 3164 maiestate;
611 3103 829 3174 quac-patrono
854 3103 959 3154 tantum
979 3095 1111 3172 neganda
1132 3102 1209 3153 sunt.

209 3173 340 3253 ldeoqne
364 3178 597 3240 accusationibus
626 3179 712 3238 etiem
733 3175 897 3237 mediocres
926 3177 955 3237 in
975 3178 1098 3240 dicendo
1121 3177 1210 3237 suffe·

211 3266 328 3328 cerunt3
349 3258 442 3320 bonus
463 3260 602 3321 deiensor
622 3276 705 3320 nemo
727 3260 781 3319 nisi
805 3261 853 3338 qui
877 3259 1130 3338 eloquentissimus
1146 3259 1210 3320 fuit.

210 3339 380 3420 Quanquam
394 3352 440 3419 ut,
464 3343 541 3422 quod
556 3345 666 3419 sentio,
686 3341 778 3404 semel
794 3343 897 3421 liniam,
914 3353 992 3404 tanto
1008 3352 1053 3404 est
1068 3360 1211 3405 accusare

211 3437 296 3500 quam
311 3425 480 3502 defendere,
498 3434 604 3504 quanto
616 3426 715 3487 lacere
728 3445 810 3506 quam
826 3446 928 3491 sanare
939 3430 1070 3505 vulnera,
1082 3427 1209 3490 facilius.
