2570 3946
498 706 801 856 rarrrrrrc.

207 991 311 1074 Prodit
320 1015 386 1082 port
402 1007 557 1066 editionem
570 1009 762 1082 Zumptianam
780 1025 854 1066 nunc
870 1010 991 1083 primum
1009 1027 1085 1070 nova
1102 1012 1174 1072 haar

124 1107 252 1180 integros
264 1105 414 1164 duodecim
431 1107 517 1164 liltros
527 1105 711 1164 Institutionis
725 1107 863 1164 oratoriae
874 1108 914 1165 li.
924 1109 1002 1168 Facit
1013 1108 1174 1180 Quintiliani
1262 1159 1269 1172 .

123 1205 280 1261 continens.
323 1202 501 1262 Praeclaram
513 1204 630 1276 quidem
646 1219 766 1277 operam
780 1204 847 1263 haic
867 1207 996 1280 scriptori
1012 1207 1113 1281 viginti
1126 1211 1174 1267 ab·

123 1301 192 1359 hinc
201 1302 284 1359 anais
294 1301 431 1358 Henricns
437 1301 570 1376 Meyerns
582 1287 902 1374 llolvetoss'l'uricsnsia
914 1304 1026 1378 adjutus
1037 1305 1173 1380 imprimis

124 1397 229 1456 Codice
237 1399 457 1485 Lassbergensi‚
468 1401 633 1474 impendere
642 1408 789 1474 coeperat,
801 1402 854 1460 ced
865 1402 1016 1460 dolendum
1027 1409 1085 1474 est,
1096 1405 1174 1477 quod

123 1505 190 1570 post
208 1500 364 1556 absolutum
390 1505 519 1570 quartum
538 1501 638 1558 librum
654 1501 700 1556 vir
724 1499 823 1557 doctus
842 1503 974 1558 cessavit
1022 1503 1173 1561 Praeterea

124 1597 228 1668 optimc
236 1597 357 1688 ‚ruerint
387 1597 425 1654 dc
449 1597 618 1668 Quintiliano
641 1598 802 1656 Fridericus
825 1599 991 1656 leonardus
1009 1599 1172 1670 Enderlein,

124 1693 1173 1772 amansiiludovicianiprolsasor‚quumcgregiiiiodlc1s13ambergen·

123 1795 163 1854 sis
175 1793 281 1852 aditum
292 1801 421 1868 quattuor
436 1798 635 1871 scriptionibus
653 1797 830 1855 scholasticis
847 1799 883 1852 ab
899 1811 973 1852 anno
991 1798 1172 1856 lact-1862

1 1953 2 1972 ξ
120 1894 242 1952 subinde
259 1892 420 1952 Suevolurti
438 1895 551 1953 emissis
574 1898 724 1953 maximam
745 1901 852 1968 partem
872 1894 1002 1966 aperiret.
1050 1895 1173 1950 Plurima

122 1991 269 2049 hominum
280 1989 455 2049 eruditorum
466 1992 560 2050 studia
571 1993 700 2050 invitavit
711 1994 783 2048 liber
793 1991 934 2059 decimus,
947 1991 1018 2048 inter
1029 2006 1100 2064 quos
1107 1998 1173 2064 post

121 2089 385 2163 editionsmGeorgi
396 2090 627 2164 Angustillerbst
637 2092 774 2164 imprimis
785 2089 983 2146 memorandus
994 2090 1073 2145 estli.
1083 2089 1172 2147 Osan-

120 2207 177 2247 nus
190 2189 334 2247 Gissensis
343 2190 500 2262 professor.
541 2190 646 2248 Horum
658 2198 685 2248 et
695 2205 879 2264 quaecunque
890 2187 958 2244 mihi
969 2187 1083 2244 aliunde
1096 2189 1172 2245 obla-

118 2297 164 2347 tae
182 2293 247 2361 sunt
265 2303 348 2346 curas
364 2287 534 2359 Quintiliano
552 2289 660 2348 dicatas
678 2291 707 2346 in
728 2290 846 2346 lructum
864 2303 946 2344 meae
965 2287 1171 2345 convertendos

117 2386 189 2445 mihi
199 2404 265 2446 erse
278 2389 375 2448 censui
387 2388 536 2458 editionis,
556 2405 614 2445 non
624 2387 693 2446 mihi
707 2388 755 2444 nni
766 2387 820 2443 sed
836 2388 986 2444 universae
999 2387 1171 2443 literatorum

117 2485 263 2544 hominurn
276 2487 382 2544 civitati
393 2503 447 2559 pro
459 2487 533 2542 virili
544 2492 624 2559 parte
635 2487 810 2558 profuturae.
852 2485 891 2542 nt
902 2483 1012 2556 insigne
1025 2483 1171 2556 adjumen-

117 2591 177 2641 tum
194 2590 294 2640 nactus
306 2599 369 2640 sum
381 2584 507 2656 diligenti
524 2585 672 2641 collatione
683 2585 745 2656 ejus
757 2583 847 2655 partis
859 2579 972 2638 Codicis
982 2582 1170 2654 Bamtrergen·

118 2684 174 2752 sis,
194 2683 275 2754 cujus
286 2681 381 2738 varios
398 2681 534 2738 lectiones
545 2681 698 2738 Endertein
715 2681 841 2738 nondum
855 2677 960 2752 publici
971 2678 1042 2750 iuris
1055 2679 1168 2736 iecerat.

118 2782 230 2844 Gratiae
241 2781 317 2840 hanc
329 2783 365 2838 ob
382 2795 499 2838 cansam
510 2778 566 2836 hoc
577 2781 640 2836 loco
652 2780 720 2836 mihi
735 2777 864 2851 agendae
879 2782 944 2834 sunt
953 2776 1075 2834 Antonio
1087 2777 1166 2834 Lina-

116 2896 216 2954 mayer
226 2923 234 2949 ‚
246 2895 321 2936 nunc
331 2877 512 2936 Monacensis
524 2877 666 2954 gymnasii
677 2879 822 2951 collegae,
839 2877 886 2950 qui
899 2891 916 2933 a
927 2890 971 2932 mo
982 2881 1098 2948 rogatus
1110 2877 1168 2934 acri

27 2995 42 3058 Ξ
118 2977 263 3050 diligentia
280 2983 308 3033 ct
323 2976 428 3052 insigni
445 2975 573 3034 comitate
589 2982 694 3034 certam
711 2991 745 3032 ac
755 2973 842 3032 fidam
860 2973 983 3047 effigiem
997 2976 1167 3046 praestantis

23 3063 46 3162 «Ξ.
117 3075 194 3134 illins
211 3074 323 3136 Codicis
344 3076 465 3134 confecit
485 3073 609 3146 mihique
632 3075 783 3132 liberaliter
799 3073 935 3147 permisit.
987 3070 1100 3130 Codicis
1116 3073 1168 3130 hu·

29 3163 45 3232 'i
115 3175 163 3244 jus
187 3174 324 3246 scriptura
352 3175 461 3247 primae
486 3171 602 3245 quidem
627 3189 729 3229 manua
756 3189 821 3229 cum
848 3172 975 3230 secunda
997 3174 1090 3229 classe
1116 3171 1167 3229 Co·

28 3241 45 3350 ff
118 3269 212 3326 dicum
238 3268 401 3338 Quintiliani
426 3271 592 3344 plerumque
613 3269 767 3340 consentit,
798 3275 896 3327 contro
918 3270 1045 3326 secunda
1066 3285 1166 3327 manus

18 3381 44 3436 Ἴ
117 3367 295 3426 emendantis
313 3369 418 3428 librarii
432 3381 496 3428 cum
512 3369 603 3442 prima
614 3371 722 3443 classo,
741 3370 862 3426 maxime
879 3383 943 3424 cum
953 3369 1104 3426 Florentini
1122 3386 1166 3427 se·

118 3465 214 3524 cunda
223 3483 322 3536 manu,
333 3467 404 3524 alias
419 3484 483 3526 cum
492 3469 680 3526 ,Ambrosiano
691 3467 820 3528 codicum
831 3467 957 3588 optimo}¹
982 3467 1050 3524 lnde
1063 3484 1080 3523 a
1095 3467 1164 3525 libro

283 3565 289 3578 ’
331 3564 334 3570 ’
911 3566 930 3607 a
