2594 3934
392 187 809 254 mar.oaaroa.n1e.v,t.
1040 177 1099 243 ¹99

5 407 8 428 ,
96 351 193 428 magis
213 349 342 409 aeumine
360 355 408 408 aut
422 365 475 407 usu
491 347 632 423 contingit
646 346 720 407 haee
735 346 837 405 virtus.
866 344 898 405 st
912 345 990 423 quod
1004 353 1100 406 tamen

5 431 7 444 '
97 431 265 511 exemplum
284 429 324 492 ‘ad
346 431 531 491 imitationem
558 429 809 491 demonstrandum
839 429 891 488 sit:
922 427 1017 487 solum
1043 439 1098 506 est,

95 517 178 596 quod
194 534 232 576 en
247 515 373 593 dialogis
390 513 604 575 Socraticorum
619 515 801 592 maximeque
811 511 938 573 Platonis
955 511 1020 571 duei
1036 522 1100 590 pot·

96 609 160 669 est;
176 601 206 658 in
222 598 326 678 quibus
342 597 415 658 adeo
432 598 523 656 seitae
538 605 604 656 sunt
618 598 880 674 interrogationes,
896 603 945 671 ut,
963 611 1027 654 eum
1038 595 1101 672 ple·

94 686 198 762 risque
222 682 299 742 hene
320 680 547 759 respondeatur,
577 698 626 739 res
648 689 744 739 tamen
763 678 799 739 ad
824 679 868 756 id,
900 678 978 757 quod
1002 678 1103 738 volunt

93 767 239 841 eilloere,
257 765 418 844 perveniat.
436 762 510 822 lllud
527 763 641 823 fortuna
656 764 768 823 interim
779 770 924 841 praestat,
940 761 1148 840 utaliquid,oo

96 850 180 930 qnod
200 851 276 908 iuter
297 866 330 908 se
351 865 451 926 parum
478 847 653 923 eonsentiat‚
684 854 798 906 ateste
820 846 945 914 dinatum
977 847 1101 922 interim,

97 933 180 1012 quod
197 933 314 1011 saepius
326 932 433 1006 evenit,
451 939 481 990 ut
494 932 575 989 testis
586 932 653 990 testi
665 931 780 991 diversa
791 929 876 990 dieat.
898 928 992 990 Aouta
1005 937 1104 990 autem

96 1016 290 1094 interrogatio
307 1015 341 1076 ad
358 1014 430 1091 hoo,
447 1013 523 1092 quod
539 1031 608 1074 casu
623 1013 686 1074 lieri
701 1013 795 1088 solet,
813 1013 898 1074 etiam
908 1015 1020 1075 ratione
1034 1031 1102 1092 per·

97 1101 196 1161 dueat.
220 1097 332 1160 Uxtra
350 1114 495 1158 oausam
510 1113 627 1176 quoque
641 1097 745 1172 multa,
769 1113 843 1174 quae
858 1099 986 1174 prosint,
1001 1097 1148 1175 nogariae

97 1183 207 1260 solent,
224 1183 261 1243 de
277 1184 336 1243 vita
353 1183 468 1241 testium
483 1181 620 1256 aliorum,
639 1180 676 1239 de
690 1197 742 1240 sua
754 1181 887 1258 quisque,
904 1181 930 1240 si
942 1179 1101 1259 turpitudo,

97 1270 125 1328 si
144 1266 305 1342 humilitas,
328 1267 353 1326 si
374 1266 497 1325 amicitia
515 1265 710 1340 accusatoria,
735 1265 759 1322 si
774 1263 940 1324 inimicitiae
956 1281 1020 1325 eum
1036 1279 1101 1338 reo,

97 1353 129 1412 in
152 1350 255 1429 quibus
277 1358 326 1409 aut
350 1348 445 1408 disant
462 1347 587 1426 aliquid,
614 1347 692 1425 quod
710 1349 821 1425 prosit,
843 1355 891 1407 aut
908 1349 936 1407 in
951 1347 1103 1408 mendacio

97 1434 151 1494 vel
169 1432 326 1512 eupiditate
340 1431 474 1492 laedendi
489 1431 750 1510 deprehendantur.
779 1429 838 1491 Sed
853 1431 881 1489 in
898 1432 996 1510 primis
1013 1433 1146 1499 inter-31

99 1519 216 1595 rogatio
234 1515 322 1577 debet
338 1533 406 1575 esse
421 1516 648 1593 eircumspeota,
667 1517 733 1594 quia
748 1513 835 1574 multa
849 1523 950 1575 eontra
961 1523 1102 1594 patronos

99 1610 224 1661 venuste
239 1601 322 1660 testis
339 1615 429 1678 saepe
444 1598 619 1678 respondet,
644 1601 730 1678 eique
745 1600 904 1677 praecipue
919 1598 1008 1676 vulgo
1023 1597 1103 1659 iave-

100 1695 162 1754 tnr;
190 1693 249 1744 tam
271 1683 369 1744 verbis
391 1700 475 1762 quam
497 1685 619 1743 maxime
644 1701 682 1742 ex
701 1683 797 1742 medio
820 1684 959 1760 sumptis,
982 1691 1029 1757 ut,
1056 1683 1105 1759 qui

99 1776 235 1845 rogatur,
259 1766 299 1845 (is
323 1775 418 1826 autem
440 1775 485 1826 est
505 1763 624 1845 saepius'
639 1766 804 1845 imperitus)
820 1766 980 1844 intelligat,
1004 1771 1052 1825 aut
1066 1781 1104 1823 ne

99 1851 268 1928 intelligere
284 1867 318 1910 se
330 1858 435 1928 neget,
459 1849 536 1926 quod
556 1850 761 1926 interrogantis
778 1865 836 1907 nou
851 1849 918 1909 leve
938 1849 1031 1926 frigus
1047 1855 1102 1906 est.

100 1934 175 1996 illae
196 1949 267 1992 vero
293 1934 438 2012 pessimae
460 1940 554 2008 artes,
584 1940 689 1991 testem
710 1931 896 1993 subornatum
916 1932 944 1990 in
964 1929 1104 1991 subsellia
1112 1946 1149 2002 32

101 2017 261 2078 adversarii
272 2017 397 2092 mittere,
418 2024 449 2075 ut
467 2015 532 2075 inde
553 2016 695 2074 excitatus
710 2014 775 2094 plus
792 2023 898 2075 nooeat
914 2014 963 2074 vel
980 2014 1104 2074 dioendo

102 2109 203 2162 eontra
220 2117 312 2176 mam,
330 2118 394 2160 cum
410 2115 467 2178 quo
484 2099 604 2174 sederit,
620 2098 680 2175 vel,
698 2116 762 2158 oum
778 2098 924 2174 adiuvisse
938 2099 1104 2158 testimonio

100 2182 262 2260 videbitur,
289 2183 423 2245 iaciendo
446 2201 483 2243 ex
504 2182 642 2243 industria
666 2182 754 2243 multa
771 2183 943 2243 immodeste
959 2190 1047 2261 atque
1062 2183 1104 2242 iu·

101 2277 308 2347 temperanter,
330 2285 385 2345 per
405 2284 481 2346 quae
498 2283 557 2327 non
572 2284 588 2326 a
603 2285 637 2326 se
652 2267 737 2327 dietis
753 2276 861 2327 tantum
872 2266 1004 2327 detrahat
1020 2266 1106 2326 iidem

102 2351 155 2412 sed
179 2352 287 2411 ceteris
309 2367 442 2429 quoque,
468 2353 515 2429 qui
538 2349 725 2430 profuerant,
748 2349 862 2410 auferat
888 2351 1103 2417 auctoritatem

103 2450 224 2514 quorum
246 2435 420 2494 mentionem
440 2432 543 2509 habui,
569 2449 627 2493 non
648 2443 679 2493 ut
697 2434 801 2494 fierent
820 2432 873 2495 aed
888 2443 918 2494 ut
933 2435 1103 2494 vitarentur.

187 2517 283 2595 Saepe
307 2519 383 2576 inter
403 2535 437 2576 se
456 2516 556 2578 oollidi
575 2516 673 2576 solent
689 2517 755 2577 inde
776 2517 895 2578 testatio
910 2516 975 2577 hine
994 2524 1104 2583 testes;

103 2600 186 2662 loeus
204 2595 352 2680 utrinqne:
369 2600 443 2662 haee
457 2602 531 2660 enim
549 2618 581 2660 se
596 2617 664 2680 pars
679 2601 874 2677 iureiurando,
890 2599 941 2661 illa
959 2615 1105 2660 eonsensu

104 2685 275 2761 signantium
290 2693 396 2744 tuetur.
433 2684 530 2763 Saepe
552 2685 627 2744 inter
645 2692 738 2744 testes
761 2693 790 2745 et
805 2692 972 2762 argumenta
989 2683 1149 2760 quaesi-5³

104 2775 161 2828 tum
179 2775 233 2827 est.
276 2767 348 2829 lnde
367 2768 519 2828 seientiam
538 2770 568 2827 iu
588 2767 711 2828 testibus
732 2777 763 2828 et
778 2767 965 2846 religionem,
987 2766 1106 2844 ingenia

105 2867 171 2911 esse
185 2852 215 2910 in
229 2853 405 2930 argumentis
417 2851 535 2920 dieitur;
552 2851 618 2912 hino
629 2860 734 2912 testem
745 2852 849 2930 gratia,
865 2859 952 2927 metu,
968 2852 1103 2930 peounia,

104 2936 161 3011 ira,
180 2936 266 3012 odio,
284 2937 424 3011 amititia,
449 2934 555 2996 ambitu
572 2935 647 3003 fieri;
668 2942 835 3014 argumenta
850 2953 888 2995 ex
904 2944 1006 2996 natura
1026 2931 1104 3008 duoi,

104 3020 132 3078 in
153 3020 198 3079 lris
225 3020 348 3080 iudioem
374 3018 444 3097 sibi,
467 3018 575 3080 inillis
597 3019 646 3080 alii
669 3019 800 3080 eredere.
840 3015 1007 3080 communia
1030 3015 1149 3076 haeetd

105 3101 233 3180 plurilus
258 3105 367 3178 oausis,
396 3103 574 3181 multumque
599 3104 704 3164 iactata
732 3112 797 3164 sunt
820 3111 850 3164 et
869 3117 986 3178 semper
1008 3107 1105 3156 tamen

105 3185 292 3246 iaetaltuntur.
326 3185 491 3264 Aliquando
505 3190 639 3266 utrinque
654 3195 719 3246 sunt
735 3195 838 3260 testes,
859 3193 889 3244 et
907 3180 1041 3262 quaestio
1057 3195 1105 3238 se·

107 3270 200 3348 quitur
215 3287 252 3330 ex
267 3269 349 3346 ipsis,
366 3268 429 3329 Utri
444 3268 581 3330 meliores
597 3266 671 3330 viril
687 3287 725 3329 ex
740 3270 846 3341 eausis,
862 3265 925 3325 Utri
935 3265 1028 3340 magis
1040 3279 1116 3323 ere--

106 3352 202 3414 dibilia
219 3349 363 3413 dixerint?
379 3369 417 3412 en
428 3352 632 3430 litigatoribus,
648 3350 711 3412 Utri
725 3352 820 3429 gratia
835 3348 926 3425 magia
941 3341 1105 3407 valuerint?

106 3434 154 3498 llis
168 3435 295 3498 adiloere
310 3437 336 3497 si
352 3436 400 3516 qui
418 3434 499 3498 volet
521 3451 573 3515 ea,
597 3451 671 3516 quae
688 3433 782 3495 divina
800 3431 965 3494 testimonia
986 3436 1149 3508 rotantes
