2570 3946
155 202 196 264 76
467 213 504 260 ra.
520 209 601 259 aaa.
619 209 839 269 commorans

154 367 248 443 derit,
270 365 300 427 iu
314 367 372 429 hoc
388 385 453 428 eum
469 368 513 426 ire
528 361 694 445 patiemur?
721 364 830 424 aridum
845 372 934 443 atque
957 364 1081 423 ieiunum
1100 379 1158 424 noa

154 453 264 514 alemus
281 460 311 513 et
329 460 410 513 certe
428 467 493 511 eum
508 449 591 529 quasi
605 444 786 508 vestiemus?
817 447 890 508 Nam
905 449 930 506 si
946 447 1090 528 quaedam
1107 447 1158 508 de-

153 535 272 597 trahere
291 535 492 597 necessarium
508 541 572 608 est,
598 549 649 592 cur
671 549 730 592 uou
751 533 788 592 sit
811 532 941 593 adiicere
963 528 1159 591 concessum?

111 618 258 700 lolioque
280 636 338 698 ego
364 626 465 678 contra
486 624 614 676 naturam
636 632 745 695 pugno.
780 614 845 676 Nou
866 616 941 676 enim
963 614 1160 677 deserendum

154 704 182 765 id
196 703 319 778 bonum,
342 702 367 761 si
389 701 467 781 quod
483 701 641 778 ingenitam
654 708 719 777 est,
742 701 894 776 existimo,
918 699 972 760 sed
994 699 1160 777 augendum

112 801 144 852 11
154 787 376 866 addendumque
401 785 480 863 quod
502 794 609 844 cessat.
643 783 690 844 hu
711 801 783 846 vero
800 784 978 845 clarissimus
999 782 1051 844 ille
1073 801 1159 863 prae·

155 880 260 950 ceptor
279 869 447 944 leocrates,
465 885 552 948 quem
572 885 630 928 uon
651 870 744 946 magis
759 865 826 928 libri
847 866 1052 928 benedixisse
1072 883 1160 947 quam

155 953 291 1032 discipuli
314 951 391 1013 bene
417 952 555 1014 docuisse
581 961 740 1027 testantur,
769 969 833 1011 cum
858 952 895 1013 de
922 949 1044 1030 Ephoro
1070 960 1160 1030 atqua

154 1035 346 1118 Theopompo
362 1037 406 1097 sic
421 1037 580 1111 iudicaret,
604 1045 635 1096 ut
650 1037 742 1098 ultori
756 1037 857 1115 frenis
870 1037 964 1098 alteri
979 1037 1159 1098 calcaribus

153 1139 231 1200 opus
245 1141 312 1184 esse
325 1121 457 1197 diceret,
481 1129 530 1182 aut
550 1121 579 1179 iu
600 1119 652 1180 illo
669 1121 794 1182 lentiore
812 1119 977 1182 tarditatem
998 1128 1048 1180 aut
1063 1122 1092 1180 ia
1104 1119 1157 1180 illo

153 1223 248 1284 paene
270 1205 424 1286 praecipiti
446 1205 671 1266 concitationem
691 1197 879 1267 adiuvandam
897 1203 1033 1264 docendo
1056 1205 1157 1264 existi·

153 1292 257 1366 mavit,
277 1308 342 1352 cum
357 1289 479 1350 alterum
495 1289 615 1350 alterius
634 1298 735 1350 natura
750 1288 929 1351 miscendum
946 1283 1160 1349 arbitraretur?

112 1372 312 1435 lambentis
327 1383 424 1434 tamen
445 1373 569 1449 ingeniis
589 1389 660 1432 saue
675 1374 720 1433 sic
736 1372 957 1453 obsequendum
973 1373 1028 1449 sit,
1050 1375 1081 1432 ut
1096 1380 1159 1432 tau·

152 1467 211 1517 tum
226 1458 254 1515 in
269 1458 316 1533 td,
340 1471 398 1535 quo
417 1465 506 1516 vocat
521 1465 638 1532 natura,
661 1457 811 1520 ducantur.
841 1457 884 1518 lta
900 1457 992 1533 euim,
1016 1456 1094 1537 quod
1108 1472 1158 1515 so·

152 1540 211 1600 lum
237 1549 377 1618 possunt,
404 1540 508 1599 melius
535 1539 673 1602 efficiant.
711 1543 742 1603 Si
765 1558 838 1602 vcro
864 1541 1017 1602 liberalior
1036 1541 1159 1600 matoria

154 1625 310 1703 contigerit
326 1633 356 1685 ct
371 1625 400 1683 lu
416 1641 472 1705 qua
487 1625 591 1684 merito
612 1625 648 1686 ad
664 1643 747 1704 spem
763 1627 889 1686 oratoris
904 1626 993 1684 simus
1009 1625 1159 1701 aggressi,
1226 1617 1230 1624 ’

110 1707 231 1771 utnulla
249 1709 365 1770 dicendi
380 1709 472 1769 virtus
491 1708 648 1769 omittenda
667 1719 722 1770 est.
760 1707 833 1768 Nam
848 1708 920 1769 licet
935 1708 973 1766 sit
987 1706 1113 1785 aliquam
1129 1709 1159 1767 iu

152 1800 266 1871 partem
280 1792 417 1872 pronior,
432 1801 463 1852 ut
479 1810 605 1854 neccsse
621 1801 683 1867 est,
701 1794 809 1854 ceteris
825 1801 994 1853 tamennon
1010 1805 1158 1867 repugna-

152 1875 211 1953 bit,
229 1884 317 1960 atque
334 1895 370 1938 ea
388 1894 457 1937 cura
471 1879 553 1957 paria
567 1876 657 1938 faciet
672 1877 723 1953 iis,
740 1880 768 1938 in
784 1875 888 1957 quibus
904 1873 1064 1942 eminebat;
1081 1873 1159 1932 sicut

154 1961 205 2023 illc
227 1961 280 2040 (ne
304 1961 462 2023 abeodem
482 1962 620 2041 exemplo
640 1962 829 2042 recedamus)
852 1957 1012 2022 exercendi
1031 1973 1158 2036 corpora

151 2047 280 2123 peritus,
297 2062 372 2121 uon,
395 2046 420 2104 si
436 2045 599 2107 docendum
616 2047 832 2125 pancratiasten
852 2043 1033 2122 susceperit,
1057 2057 1157 2121 pugno

151 2128 242 2188 ierire
259 2127 309 2189 vel
331 2129 415 2189 calce
431 2137 540 2190 tantum
555 2138 604 2189 aut
622 2147 715 2188 nexus
737 2129 823 2190 modo
840 2138 928 2208 atque
944 2129 972 2187 in
994 2127 1040 2186 his
1056 2135 1157 2187 certos

152 2210 267 2290 aliquos
283 2210 416 2288 docebit,
439 2213 493 2274 sed
510 2213 605 2273 omnia
621 2230 697 2293 quae
715 2222 780 2273 suut
798 2214 861 2273 eius
885 2212 1060 2273 certaminis·
1092 2209 1159 2272 Erit

152 2297 201 2374 qui
216 2314 254 2356 ex
269 2296 314 2357 his
330 2295 427 2375 aliqua
443 2314 501 2356 nou
515 2298 625 2376 possit:
640 2296 711 2368 inid
726 2299 851 2359 maxime
864 2296 942 2377 quod
956 2296 1066 2375 poterit
1078 2310 1157 2354 com·

111 2388 252 2458 14ponet.
283 2377 357 2441 Nam
372 2389 437 2440 sunt
460 2381 535 2442 haec
551 2382 609 2442 duo
628 2382 745 2443 vitanda
766 2399 904 2462 prorsus:
928 2397 1066 2440 unumne
1084 2387 1156 2438 tem·

151 2472 218 2542 ptes
241 2463 321 2543 quod
345 2464 424 2526 cillci
445 2481 503 2526 nou
523 2468 633 2544 possit,
660 2466 782 2527 alterum
802 2484 839 2527 ne
856 2465 892 2526 ab
914 2481 969 2540 eo,
993 2463 1071 2544 quod
1090 2464 1157 2542 quis

152 2548 261 2627 optime
283 2548 370 2625 iacit,
394 2550 422 2609 iu
441 2550 536 2625 aliud,
562 2539 700 2630 ad'quod
719 2553 811 2610 minus
833 2559 879 2609 cst
898 2549 1037 2623 idoneus,
1062 2557 1157 2607 maus·

149 2632 239 2692 ieras.
279 2632 319 2692 At
341 2634 366 2694 si
387 2633 476 2694 luerit
497 2636 546 2712 qui
567 2635 721 2696 docebitur
742 2635 811 2712 ille,
836 2651 922 2714 qucm
946 2631 1156 2694 adolescentes

150 2733 252 2776 senem
270 2717 411 2796 vidimus,
440 2718 639 2780 Nicostratus:
670 2718 802 2781 omnibus
824 2719 853 2778 in
881 2734 917 2779 eo
940 2715 1066 2778 docendi
1088 2732 1155 2794 par-

149 2799 226 2860 tibus
245 2799 379 2861 similiter
398 2809 510 2878 utetur,
530 2803 699 2882 efficietque
719 2804 816 2879 illum,
837 2802 931 2881 qualis
954 2800 1002 2861 hic
1018 2800 1087 2875 luit,
1112 2798 1155 2859 lu·

151 2882 256 2944 ctaudo
274 2885 506 2964 pugnandoque,
527 2903 649 2965 quorum
662 2897 787 2966 utroque
801 2886 960 2946 certamina
977 2883 1080 2945 iisdem
1093 2883 1155 2942 die·

109 2966 204 3037 15bus
228 2967 438 3044 coronabatur,
467 2968 613 3029 invictum.
652 2969 691 3030 Et
720 2978 827 3049 quanto
851 2971 881 3030 id
907 2969 999 3046 magis
1029 2968 1157 3028 oratoris
1213 2973 1218 2980 '

149 3051 237 3112 futuri
256 3052 397 3130 magistro
419 3051 629 3132 providendum
654 3050 730 3114 erit?
765 3054 830 3115 Nou
850 3055 924 3115 enim
948 3053 1019 3113 satis
1043 3060 1089 3112 est
1111 3051 1155 3110 di·

150 3151 220 3196 ecre
248 3153 353 3215 presse
376 3145 484 3198 tautum
512 3145 561 3198 ant
586 3137 732 3198 subtiliter
758 3146 807 3199 aut
829 3156 952 3219 aspere,
978 3153 1035 3197 uon
1059 3137 1154 3212 magis

150 3235 234 3300 quam
253 3220 405 3298 phonasco
424 3222 516 3282 acutis
534 3230 642 3281 tantum
663 3231 712 3282 aut
728 3223 830 3284 mediis
849 3231 898 3284 aut
915 3220 1053 3300 gravibus
1071 3219 1154 3279 sonis

149 3303 320 3364 authorum
347 3307 433 3366 etiam
459 3305 609 3383 particulis
636 3305 798 3367 excellcre.
842 3305 914 3368 Nam
942 3307 1018 3365 sicut
1042 3302 1154 3364 cithara

148 3387 188 3446 ita
207 3390 300 3449 oratio
321 3389 455 3469 perlecta
473 3405 531 3451 non
552 3399 614 3466 est,
637 3391 691 3450 nlsi
711 3391 747 3451 ab
767 3393 823 3452 imo
846 3390 883 3451 ad
901 3405 1039 3450 summum
1061 3386 1152 3446 omni·

149 3469 204 3532 hus
222 3472 332 3536 intenta
351 3476 448 3534 nervis
471 3476 642 3537 consentiat.
