2592 3940
160 224 223 287 276
473 233 836 295 mansuetissimum

159 391 272 460 babile;
290 390 367 470 quod
375 389 445 450 lieri
459 387 578 450 totidem
592 387 684 452 modis
704 397 777 466 quot
793 391 822 449 in
839 388 912 450 alios
928 398 1036 468 potest.
1075 390 1163 455 ldeo-

117 486 216 557 atque
231 475 299 550 boo,
317 474 447 554 quamvis
462 473 601 552 lreqnens
617 473 670 549 sit,
692 482 820 533 transeo.
850 473 925 534 lllnd
938 491 1030 552 vero,
1048 477 1163 538 etiarm

158 559 310 622 ridiculum
326 567 389 635 est,
411 558 557 636 iudignum
577 565 672 616 tamen
692 557 807 617 bomine
822 557 987 635 tolerabili,
1011 560 1090 637 quod
1114 570 1164 622 aut
1266 579 1269 584 ·

158 645 282 723 turpiter
297 652 345 704 aut
360 650 496 721 potenter
511 640 629 709 dieitur;
644 640 722 718 qnod
737 641 846 702 ieoisse
860 641 1002 722 quendam
1017 645 1092 720 seio,
1113 646 1163 724 qul

158 727 302 789 humiliori
324 726 418 788 libere
439 725 580 786 adversus
612 741 647 786 se
669 725 816 804 loquenti,
848 723 1032 806 Golople'om,
1058 729 1162 807 inquit,

159 811 214 874 tibi
228 814 342 873 decom
357 818 387 874 et
405 809 571 890 formatum
595 810 749 886 sendum,
769 810 853 888 pond
867 819 961 890 supet
976 811 1089 874 darom
1103 813 1163 874 lto·

152 896 243 958 deos.
278 893 332 956 llio
348 895 423 953 enim
437 891 553 953 dubium
576 901 637 968 est,
658 900 752 952 utrum
773 893 871 954 ridere
891 893 1041 955 audientes
1064 913 1100 956 an
1120 897 1163 956 in·

158 977 270 1056 dignari
288 977 449 1038 debuerint.

122 1072 158 1128 st
243 1061 386 1139 Superest
405 1077 499 1138 genus
521 1053 741 1138 deoi'piendi
767 1060 984 1138 opinionem
1012 1071 1060 1124 aut
1085 1062 1163 1126 diota

159 1143 246 1206 aliter
260 1143 459 1222 intelligendi,
486 1161 561 1224 quae
584 1145 693 1204 suntin
711 1144 786 1203 omni
804 1142 859 1203 ban
875 1147 994 1206 materia
1008 1146 1058 1207 vel
1073 1164 1162 1207 venu-

158 1228 294 1289 stissima.
322 1226 502 1306 inopinatum
520 1237 550 1287 et
569 1245 585 1288 a
601 1227 767 1289 lacessente
789 1227 858 1306 poni
879 1226 973 1304 solet,
997 1229 1083 1307 quale
1106 1239 1162 1306 est,

159 1312 236 1390 quod
254 1311 346 1372 relert
363 1310 480 1387 Gioero,
500 1308 583 1384 oeta
597 1312 668 1373 letio
684 1313 781 1389 obest,
797 1312 859 1372 nisi
872 1329 925 1374 res
941 1320 971 1374 et
980 1315 1099 1375 motos?
1115 1321 1164 1374 aut

157 1395 230 1457 illud
243 1394 324 1470 diri,
346 1393 441 1457 Homo
462 1396 496 1456 in
517 1395 648 1475 spondis
666 1396 772 1457 oooek
786 1396 897 1474 optime
912 1398 1057 1466 oestitosr
1081 1405 1111 1457 et
1134 1399 1163 1456 in

157 1478 356 1549 oeourreudo,
379 1486 410 1537 ut
428 1476 550 1554 Cicero,
573 1477 667 1538 audita
691 1477 765 1540 laisa
780 1477 886 1539 Vatinii
900 1486 1010 1556 morte,
1030 1497 1094 1542 eum
1109 1480 1163 1541 ob·

157 1563 232 1622 rium
252 1560 387 1621 libertum
414 1564 476 1622 eius
495 1564 722 1640 interrogasset,
745 1561 878 1624 lieotem
898 1565 1023 1626 monton
1044 1565 1162 1641 dicenti,

113 1644 271 1714 tiblteetea
294 1643 434 1708 Mortuos
450 1647 518 1709 eati
539 1647 641 1725 iuquit.
679 1645 819 1708 Plurimus
837 1654 932 1707 autern
955 1649 1034 1708 eirea
1053 1650 1162 1709 simu·

156 1729 337 1790 lationem
361 1738 390 1788 et
412 1729 757 1791 dissimulationem
778 1731 855 1790 maus
868 1739 924 1807 est,
948 1749 1023 1810 quae
1039 1733 1162 1793 enutri·

156 1813 976 1977 titttittittttlfistilti”illisiitti
995 1831 1164 1978 attilii

157 1979 302 2057 lingentis.
339 1980 490 2042 Simulavit
512 1981 601 2058 dier,
618 2000 681 2042 cum
698 1983 727 2041 in
745 1999 833 2042 eausa
851 1981 973 2042 subinde
988 1981 1162 2059 dicentibus,

158 2059 304 2125 (ielsiuam
319 2064 356 2127 de
375 2084 408 2125 re
424 2067 617 2143 cognovisse,
640 2082 715 2145 quae
739 2074 802 2126 erat
819 2074 924 2144 potens
942 2066 1063 2128 lemine:
1088 2052 1165 2140 (lois

114 2154 210 2224 libert,
225 2149 327 2225 inquit,
344 2149 427 2209 iste?
445 2147 590 2210 Celsinam
605 2151 680 2208 enirn
692 2148 785 2210 videri
801 2149 858 2209 sibi
871 2151 964 2210 virum
976 2149 1065 2211 tinxit.
1095 2149 1161 2210 Dis·

156 2229 300 2291 simulavit
321 2228 438 2307 cicero,
458 2249 522 2292 eum
537 2233 608 2293 Sex.
623 2231 745 2292 Annalis
760 2234 845 2292 testis
862 2251 943 2294 reum
959 2232 1112 2310 laesisset,
1133 2241 1165 2294 et

156 2315 280 2374 instaret
298 2313 455 2376 identidem
476 2325 632 2378 aecusator
656 2316 699 2392 ei,
722 2314 802 2392 oto,
830 2314 872 2377 ll.
895 2316 992 2394 Tolli,
1012 2315 1164 2396 namquid

152 2407 243 2478 potes
264 2399 305 2461 de
320 2397 395 2463 See.
412 2396 548 2461 Annuls‘t
568 2417 673 2461 versus
695 2401 770 2461 enim
789 2399 890 2462 dioere
909 2402 1008 2479 eoepit
1028 2402 1065 2464 de
1086 2400 1163 2462 libro

155 2479 240 2542 Ennii
255 2481 351 2543 annali
368 2491 472 2551 sexto:

312 2564 389 2638 Quis
400 2568 481 2647 potis
499 2567 631 2648 tepentia
646 2581 762 2630 oooeos
777 2569 916 2630 eooloere
930 2568 1009 2630 belli.

113 2657 147 2716 Sl
157 2645 210 2710 (lul
226 2651 289 2710 sine
311 2649 399 2711 dubio
419 2650 682 2730 frequentissimam
700 2651 748 2712 dat
769 2652 956 2713 oooaslonem
974 2651 1163 2729 ambiguitas:

155 2742 185 2792 ut
201 2733 362 2810 Cascellio,
379 2736 429 2813 qui
445 2733 635 2798 oonsultetori
649 2734 772 2812 dicenti,
790 2733 908 2798 Nouem
923 2737 1064 2798 dividere
1075 2735 1163 2808 odos

156 2813 289 2894 Perdes,
309 2819 410 2896 inquit
447 2820 508 2881 Sed
529 2819 621 2880 aveni
637 2818 806 2880 intelleotus
830 2828 859 2879 st
876 2817 962 2880 aliter
978 2818 1072 2896 solet,
1097 2835 1162 2880 eum

156 2898 193 2960 ab
215 2901 416 2980 asperioribus
439 2903 475 2963 ad
497 2903 611 2965 leniora
634 2903 813 2965 densentur:
836 2912 868 2964 ut
889 2904 938 2983 qui
953 2905 1161 2981 interrogatus,

155 2982 223 3062 quid
238 2985 360 3044 sentiret
375 2984 413 3044 de
428 3002 476 3062 eo,
493 2989 542 3065 qui
561 2989 590 3046 ln
608 2987 750 3049 adulterio
763 2986 964 3066 deprehensus
976 2994 1067 3064 esset,
1086 2985 1162 3048 l'or·
1174 3015 1187 3036 ·

111 3070 228 3132 aedom
244 3069 344 3148 faiam
362 3071 524 3149 respondit.
562 3069 598 3130 lli
619 3071 732 3131 nonina
749 3079 809 3147 est,
828 3069 905 3150 quod
922 3071 1027 3138 dieitur
1040 3087 1095 3150 per
1112 3085 1162 3129 su·

156 3152 334 3230 spinionem:
350 3153 437 3232 quale
454 3153 526 3215 illud
543 3153 620 3233 apud
636 3152 809 3216 (linerouem
825 3156 976 3235 querenti,
994 3154 1071 3234 quod
1086 3169 1164 3214 uxor

155 3251 207 3296 sua
222 3253 261 3296 ex
275 3235 332 3297 ileo
348 3255 416 3298 sese
432 3237 650 3319 suspendisset,
672 3237 772 3318 ltopo,
789 3239 846 3301 des
860 3240 935 3300 milo
948 3239 1107 3302 sarmium
1122 3255 1164 3299 eo

152 3317 208 3381 tto
224 3321 349 3396 arbore,
365 3327 399 3383 ot
411 3323 556 3386 inseram.
590 3321 765 3401 intelligitur
780 3323 865 3399 enim,
884 3323 962 3402 quod
974 3338 1032 3383 non
1047 3322 1161 3383 dieitur.

110 3400 191 3468 osne
210 3402 333 3480 beroule
354 3407 446 3466 omnis
474 3404 552 3468 salse
578 3405 693 3468 dicendi
720 3407 795 3468 ratio
817 3408 845 3467 in
867 3423 904 3467 eo
927 3413 989 3481 est,
1011 3413 1043 3466 ut
1063 3404 1163 3482 aliter,

155 3503 241 3565 quam
262 3495 308 3547 est
330 3495 442 3548 rentum
462 3505 637 3568 rerumque,
659 3489 785 3560 dinatus:
805 3489 884 3570 quod
898 3491 930 3551 lit
943 3497 1036 3570 totum
1051 3488 1163 3568 lingon·
