<?xml version="1.0" encoding="UTF-8"?>
<!DOCTYPE html PUBLIC "-//W3C//DTD XHTML 1.0 Transitional//EN"
    "http://www.w3.org/TR/xhtml1/DTD/xhtml1-transitional.dtd">
<html xmlns="http://www.w3.org/1999/xhtml" xml:lang="en" lang="en">
 <head>
  <title>
</title>
<meta http-equiv="Content-Type" content="text/html;charset=utf-8" />
  <meta name='ocr-system' content='tesseract 3.04.00' />
  <meta name='ocr-capabilities' content='ocr_page ocr_carea ocr_par ocr_line ocrx_word'/>
</head>
<body>
  <div class='ocr_page' id='page_1' title='image "./mfabiiquintilia19quingoog_0263.png"; bbox 0 0 2592 3940; ppageno 0'>
   <div class='ocr_carea' id='block_1_1' title="bbox 200 224 882 292">
    <p class='ocr_par' dir='ltr' id='par_1_1' title="bbox 200 224 882 292">
     <span class='ocr_line' id='line_1_1' title="bbox 200 224 882 292; baseline -0.01 -6"><span class='ocrx_word' id='word_1_1' title='bbox 200 224 262 286; x_wconf 75' lang='lat'><strong>242</strong></span> <span class='ocrx_word' id='word_1_2' title='bbox 521 232 882 292; x_wconf 79' lang='lat' dir='ltr'><strong>rr.mn.oumum1mu1</strong></span> 
     </span>
    </p>
   </div>
   <div class='ocr_carea' id='block_1_2' title="bbox 171 384 1212 969">
    <p class='ocr_par' dir='ltr' id='par_1_2' title="bbox 171 384 1212 969">
     <span class='ocr_line' id='line_1_2' title="bbox 201 384 1211 472; baseline -0.003 -19"><span class='ocrx_word' id='word_1_3' title='bbox 201 410 258 472; x_wconf 85' lang='lat' dir='ltr'><strong>que</strong></span> <span class='ocrx_word' id='word_1_4' title='bbox 277 393 305 452; x_wconf 87' lang='lat' dir='ltr'><strong>ei</strong></span> <span class='ocrx_word' id='word_1_5' title='bbox 315 389 451 469; x_wconf 87' lang='lat' dir='ltr'><strong>protinus</strong></span> <span class='ocrx_word' id='word_1_6' title='bbox 467 386 683 467; x_wconf 69' lang='lat' dir='ltr'><strong>probationem,</strong></span> <span class='ocrx_word' id='word_1_7' title='bbox 700 384 787 464; x_wconf 88' lang='lat' dir='ltr'><strong>quale</strong></span> <span class='ocrx_word' id='word_1_8' title='bbox 802 402 856 466; x_wconf 91' lang='lat' dir='ltr'><strong>pro</strong></span> <span class='ocrx_word' id='word_1_9' title='bbox 871 385 1001 464; x_wconf 80' lang='lat' dir='ltr'>Ligario,</span> <span class='ocrx_word' id='word_1_10' title='bbox 1020 384 1127 449; x_wconf 80' lang='lat' dir='ltr'><strong>Onaso</strong></span> <span class='ocrx_word' id='word_1_11' title='bbox 1140 395 1211 451; x_wconf 82' lang='lat' dir='ltr'><strong>tum</strong></span> 
     </span>
     <span class='ocr_line' id='line_1_3' title="bbox 201 471 1212 553; baseline -0.005 -15"><span class='ocrx_word' id='word_1_12' title='bbox 201 476 315 552; x_wconf 78' lang='lat' dir='ltr'><strong>dubio,</strong></span> <span class='ocrx_word' id='word_1_13' title='bbox 335 473 419 553; x_wconf 73' lang='lat' dir='ltr'><strong>qood</strong></span> <span class='ocrx_word' id='word_1_14' title='bbox 431 471 635 550; x_wconf 37' lang='lat' dir='ltr'><strong>mutuationes</strong></span> <span class='ocrx_word' id='word_1_15' title='bbox 654 471 687 530; x_wconf 82' lang='lat' dir='ltr'><strong>t&#39;o</strong></span> <span class='ocrx_word' id='word_1_16' title='bbox 700 478 832 548; x_wconf 58' lang='lat' dir='ltr'><strong>utrque</strong></span> <span class='ocrx_word' id='word_1_17' title='bbox 843 478 953 549; x_wconf 84' lang='lat' dir='ltr'><strong>porte,</strong></span> <span class='ocrx_word' id='word_1_18' title='bbox 975 471 1059 550; x_wconf 70' lang='lat' dir='ltr'><strong>quod</strong></span> <span class='ocrx_word' id='word_1_19' title='bbox 1069 473 1212 550; x_wconf 80' lang='lat' dir='ltr'><strong>probari</strong></span> 
     </span>
     <span class='ocr_line' id='line_1_4' title="bbox 198 554 1209 640; baseline -0.003 -20"><span class='ocrx_word' id='word_1_20' title='bbox 198 565 320 640; x_wconf 58' lang='lat' dir='ltr'><strong>perseo·</strong></span> <span class='ocrx_word' id='word_1_21' title='bbox 333 573 416 619; x_wconf 76' lang='lat' dir='ltr'><strong>nane</strong></span> <span class='ocrx_word' id='word_1_22' title='bbox 429 554 834 630; x_wconf 62' lang='lat' dir='ltr'><strong>manumissionum,</strong></span> <span class='ocrx_word' id='word_1_23' title='bbox 850 555 1103 632; x_wconf 67' lang='lat' dir='ltr'><strong>quamodotndt&#39;i</strong></span> <span class='ocrx_word' id='word_1_24' title='bbox 1113 556 1209 617; x_wconf 65' lang='lat' dir='ltr'><strong>adise</strong></span> 
     </span>
     <span class='ocr_line' id='line_1_5' title="bbox 199 637 1210 716; baseline -0.007 -11"><span class='ocrx_word' id='word_1_25' title='bbox 199 651 323 712; x_wconf 61' lang='lat' dir='ltr'><strong>omon-</strong></span> <span class='ocrx_word' id='word_1_26' title='bbox 342 639 432 702; x_wconf 86' lang='lat' dir='ltr'><strong>habet</strong></span> <span class='ocrx_word' id='word_1_27' title='bbox 453 640 528 699; x_wconf 90' lang='lat' dir='ltr'><strong>enim</strong></span> <span class='ocrx_word' id='word_1_28' title='bbox 550 639 690 698; x_wconf 89' lang='lat' dir='ltr'><strong>rationem</strong></span> <span class='ocrx_word' id='word_1_29' title='bbox 717 643 749 697; x_wconf 86' lang='lat' dir='ltr'><strong>et</strong></span> <span class='ocrx_word' id='word_1_30' title='bbox 770 637 1017 716; x_wconf 77' lang='lat' dir='ltr'><strong>propositionem,</strong></span> <span class='ocrx_word' id='word_1_31' title='bbox 1038 637 1210 699; x_wconf 85' lang='lat' dir='ltr'><strong>nonhabet</strong></span> 
     </span>
     <span class='ocr_line' id='line_1_6' title="bbox 171 719 1209 802; baseline -0.008 -13"><span class='ocrx_word' id='word_1_32' title='bbox 171 725 427 789; x_wconf 74' lang='lat' dir='ltr'><strong>donnolusionem.</strong></span> <span class='ocrx_word' id='word_1_33' title='bbox 477 720 520 782; x_wconf 84' lang='lat' dir='ltr'><strong>Ita</strong></span> <span class='ocrx_word' id='word_1_34' title='bbox 546 731 592 781; x_wconf 89' lang='lat' dir='ltr'><strong>est</strong></span> <span class='ocrx_word' id='word_1_35' title='bbox 616 721 670 782; x_wconf 87' lang='lat' dir='ltr'><strong>ilie</strong></span> <span class='ocrx_word' id='word_1_36' title='bbox 695 719 884 799; x_wconf 82' lang='lat' dir='ltr'><strong>imporieetus</strong></span> <span class='ocrx_word' id='word_1_37' title='bbox 909 719 1109 802; x_wconf 73' lang='lat' dir='ltr'><strong>syllogismus.</strong></span> <span class='ocrx_word' id='word_1_38' title='bbox 1157 719 1209 781; x_wconf 83' lang='lat' dir='ltr'><strong>Ex</strong></span> 
     </span>
     <span class='ocr_line' id='line_1_7' title="bbox 201 803 1208 889; baseline -0.006 -19"><span class='ocrx_word' id='word_1_39' title='bbox 201 807 455 889; x_wconf 74' lang='lat' dir='ltr'><strong>pugnantibus</strong></span> <span class='ocrx_word' id='word_1_40' title='bbox 471 821 561 880; x_wconf 84' lang='lat' dir='ltr'><strong>vero,</strong></span> <span class='ocrx_word' id='word_1_41' title='bbox 577 805 657 884; x_wconf 88' lang='lat' dir='ltr'><strong>qnod</strong></span> <span class='ocrx_word' id='word_1_42' title='bbox 673 805 758 865; x_wconf 87' lang='lat' dir='ltr'><strong>etiam</strong></span> <span class='ocrx_word' id='word_1_43' title='bbox 776 803 871 865; x_wconf 89' lang='lat' dir='ltr'><strong>solum</strong></span> <span class='ocrx_word' id='word_1_44' title='bbox 886 803 1068 879; x_wconf 72' lang='lat' dir='ltr'><strong>enthymema</strong></span> <span class='ocrx_word' id='word_1_45' title='bbox 1087 805 1208 884; x_wconf 87' lang='lat' dir='ltr'><strong>quidam</strong></span> 
     </span>
     <span class='ocr_line' id='line_1_8' title="bbox 199 885 1208 969; baseline -0.008 -15"><span class='ocrx_word' id='word_1_46' title='bbox 199 900 322 969; x_wconf 77' lang='lat' dir='ltr'><strong>nonant,</strong></span> <span class='ocrx_word' id='word_1_47' title='bbox 346 890 451 951; x_wconf 74' lang='lat' dir='ltr'><strong>fortior</strong></span> <span class='ocrx_word' id='word_1_48' title='bbox 464 887 555 949; x_wconf 87' lang='lat' dir='ltr'><strong>multo</strong></span> <span class='ocrx_word' id='word_1_49' title='bbox 570 887 710 967; x_wconf 82' lang='lat' dir='ltr'><strong>probatio</strong></span> <span class='ocrx_word' id='word_1_50' title='bbox 729 896 784 948; x_wconf 86' lang='lat' dir='ltr'><strong>est.</strong></span> <span class='ocrx_word' id='word_1_51' title='bbox 821 886 894 949; x_wconf 77' lang='lat' dir='ltr'><strong>&#39;iaie</strong></span> <span class='ocrx_word' id='word_1_52' title='bbox 912 895 959 948; x_wconf 87' lang='lat' dir='ltr'><strong>est</strong></span> <span class='ocrx_word' id='word_1_53' title='bbox 979 885 1133 948; x_wconf 84' lang='lat' dir='ltr'><strong>Gioeronis</strong></span> <span class='ocrx_word' id='word_1_54' title='bbox 1148 904 1208 967; x_wconf 90' lang='lat' dir='ltr'><strong>pro</strong></span> 
     </span>
    </p>
   </div>
   <div class='ocr_carea' id='block_1_3' title="bbox 169 969 1282 3558">
    <p class='ocr_par' dir='ltr' id='par_1_3' title="bbox 169 969 1282 3558">
     <span class='ocr_line' id='line_1_9' title="bbox 200 969 1209 1052; baseline -0.004 -16"><span class='ocrx_word' id='word_1_55' title='bbox 200 969 323 1036; x_wconf 78' lang='lat' dir='ltr'><strong>didone:</strong></span> <span class='ocrx_word' id='word_1_56' title='bbox 347 970 426 1035; x_wconf 69' lang='lat' dir='ltr'><strong>Eius</strong></span> <span class='ocrx_word' id='word_1_57' title='bbox 444 973 540 1052; x_wconf 76' lang='lat' dir='ltr'><strong>ipitur</strong></span> <span class='ocrx_word' id='word_1_58' title='bbox 553 972 659 1033; x_wconf 61' lang='lat' dir='ltr'><strong>morus</strong></span> <span class='ocrx_word' id='word_1_59' title='bbox 672 972 786 1034; x_wconf 71' lang='lat' dir='ltr'><strong>radetis</strong></span> <span class='ocrx_word' id='word_1_60' title='bbox 801 971 932 1046; x_wconf 71' lang='lat' dir='ltr'><strong>admon,</strong></span> <span class='ocrx_word' id='word_1_61' title='bbox 955 972 1045 1032; x_wconf 71' lang='lat' dir='ltr'><strong>ardue</strong></span> <span class='ocrx_word' id='word_1_62' title='bbox 1061 972 1159 1033; x_wconf 84' lang='lat' dir='ltr'><strong>ot&#39;totrs</strong></span> <span class='ocrx_word' id='word_1_63' title='bbox 1178 973 1209 1032; x_wconf 78' lang='lat' dir='ltr'><strong>ei</strong></span> 
     </span>
     <span class='ocr_line' id='line_1_10' title="bbox 172 1053 1207 1138; baseline -0.009 -15"><span class='ocrx_word' id='word_1_64' title='bbox 172 1060 312 1138; x_wconf 77' lang='lat' dir='ltr'><strong>spateris</strong></span> <span class='ocrx_word' id='word_1_65' title='bbox 323 1075 452 1137; x_wconf 56' lang='lat' dir='ltr'><strong>perteus</strong></span> <span class='ocrx_word' id='word_1_66' title='bbox 464 1056 584 1118; x_wconf 72' lang='lat' dir='ltr'><strong>rasores·</strong></span> <span class='ocrx_word' id='word_1_67' title='bbox 598 1071 706 1134; x_wconf 60' lang='lat' dir='ltr'><strong>possm</strong></span> <span class='ocrx_word' id='word_1_68' title='bbox 727 1055 838 1117; x_wconf 77' lang='lat' dir='ltr'><strong>notitia.</strong></span> <span class='ocrx_word' id='word_1_69' title='bbox 878 1053 963 1128; x_wconf 82' lang='lat' dir='ltr'><strong>Quod</strong></span> <span class='ocrx_word' id='word_1_70' title='bbox 984 1055 1101 1133; x_wconf 80' lang='lat' dir='ltr'><strong>quidem</strong></span> <span class='ocrx_word' id='word_1_71' title='bbox 1116 1055 1207 1115; x_wconf 89' lang='lat' dir='ltr'><strong>etiarn</strong></span> 
     </span>
     <span class='ocr_line' id='line_1_11' title="bbox 200 1137 1206 1221; baseline -0.004 -19"><span class='ocrx_word' id='word_1_72' title='bbox 200 1141 354 1221; x_wconf 77' lang='lat' dir='ltr'><strong>aliquando</strong></span> <span class='ocrx_word' id='word_1_73' title='bbox 369 1138 554 1219; x_wconf 87' lang='lat' dir='ltr'><strong>multiplioari</strong></span> <span class='ocrx_word' id='word_1_74' title='bbox 568 1139 662 1215; x_wconf 91' lang='lat' dir='ltr'><strong>solet,</strong></span> <span class='ocrx_word' id='word_1_75' title='bbox 686 1147 718 1198; x_wconf 92' lang='lat' dir='ltr'><strong>ut</strong></span> <span class='ocrx_word' id='word_1_76' title='bbox 738 1146 785 1198; x_wconf 87' lang='lat' dir='ltr'><strong>est</strong></span> <span class='ocrx_word' id='word_1_77' title='bbox 806 1137 842 1198; x_wconf 84' lang='lat' dir='ltr'><strong>ab</strong></span> <span class='ocrx_word' id='word_1_78' title='bbox 862 1138 966 1199; x_wconf 90' lang='lat' dir='ltr'><strong>eodem</strong></span> <span class='ocrx_word' id='word_1_79' title='bbox 982 1147 1012 1198; x_wconf 89' lang='lat' dir='ltr'><strong>et</strong></span> <span class='ocrx_word' id='word_1_80' title='bbox 1026 1155 1081 1217; x_wconf 84' lang='lat' dir='ltr'><strong>pro</strong></span> <span class='ocrx_word' id='word_1_81' title='bbox 1098 1139 1206 1199; x_wconf 87' lang='lat' dir='ltr'><strong>eodem</strong></span> 
     </span>
     <span class='ocr_line' id='line_1_12' title="bbox 200 1221 1207 1302; baseline 0 -18"><span class='ocrx_word' id='word_1_82' title='bbox 200 1242 252 1284; x_wconf 88' lang='lat' dir='ltr'><strong>roo</strong></span> <span class='ocrx_word' id='word_1_83' title='bbox 271 1225 394 1286; x_wconf 77' lang='lat' dir='ltr'><strong>fantum:</strong></span> <span class='ocrx_word' id='word_1_84' title='bbox 424 1221 629 1302; x_wconf 72' lang='lat' dir='ltr'><strong>Quaotpttor</strong></span> <span class='ocrx_word' id='word_1_85' title='bbox 643 1240 712 1284; x_wconf 81' lang='lat' dir='ltr'><strong>oum</strong></span> <span class='ocrx_word' id='word_1_86' title='bbox 726 1223 858 1284; x_wconf 73' lang='lat' dir='ltr'><strong>moesiam</strong></span> <span class='ocrx_word' id='word_1_87' title='bbox 872 1223 979 1302; x_wconf 70' lang='lat' dir='ltr'><strong>pratia</strong></span> <span class='ocrx_word' id='word_1_88' title='bbox 994 1223 1107 1299; x_wconf 63' lang='grc' dir='ltr'><strong>ιιιιῖιιὶι,</strong></span> <span class='ocrx_word' id='word_1_89' title='bbox 1122 1223 1207 1284; x_wconf 81' lang='lat' dir='ltr'><strong>dune</strong></span> 
     </span>
     <span class='ocr_line' id='line_1_13' title="bbox 199 1306 1205 1385; baseline -0.002 -14"><span class='ocrx_word' id='word_1_90' title='bbox 199 1309 293 1371; x_wconf 77' lang='lat' dir='ltr'><strong>uoluit</strong></span> <span class='ocrx_word' id='word_1_91' title='bbox 313 1327 382 1371; x_wconf 81' lang='lat' dir='ltr'><strong>oum</strong></span> <span class='ocrx_word' id='word_1_92' title='bbox 404 1309 578 1385; x_wconf 72' lang='lat' dir='ltr'><strong>aliquorum</strong></span> <span class='ocrx_word' id='word_1_93' title='bbox 605 1306 755 1383; x_wconf 76' lang='lat' dir='ltr'><strong>quoremt</strong></span> <span class='ocrx_word' id='word_1_94' title='bbox 781 1320 870 1384; x_wconf 73' lang='lat' dir='ltr'><strong>quoto</strong></span> <span class='ocrx_word' id='word_1_95' title='bbox 895 1306 984 1383; x_wconf 76' lang='lat' dir='ltr'><strong>itere,</strong></span> <span class='ocrx_word' id='word_1_96' title='bbox 1010 1321 1099 1384; x_wconf 77' lang='lat' dir='ltr'><strong>quem</strong></span> <span class='ocrx_word' id='word_1_97' title='bbox 1125 1307 1205 1383; x_wconf 76' lang='lat' dir='ltr'><strong>toea,</strong></span> 
     </span>
     <span class='ocr_line' id='line_1_14' title="bbox 200 1389 1205 1481; baseline -0.002 -28"><span class='ocrx_word' id='word_1_98' title='bbox 200 1407 290 1471; x_wconf 78' lang='lat' dir='ltr'><strong>quom</strong></span> <span class='ocrx_word' id='word_1_99' title='bbox 303 1398 454 1470; x_wconf 72' lang='lat' dir='ltr'><strong>tempora,</strong></span> <span class='ocrx_word' id='word_1_100' title='bbox 475 1404 564 1468; x_wconf 77' lang='lat' dir='ltr'><strong>quem</strong></span> <span class='ocrx_word' id='word_1_101' title='bbox 579 1389 702 1468; x_wconf 82' lang='lat' dir='ltr'><strong>impuno</strong></span> <span class='ocrx_word' id='word_1_102' title='bbox 715 1407 777 1451; x_wconf 82' lang='lat' dir='ltr'><strong>non</strong></span> <span class='ocrx_word' id='word_1_103' title='bbox 792 1396 837 1450; x_wconf 84' lang='lat' dir='ltr'><strong>est</strong></span> <span class='ocrx_word' id='word_1_104' title='bbox 851 1407 964 1463; x_wconf 79' lang='lat' dir='ltr'><strong>ausos,</strong></span> <span class='ocrx_word' id='word_1_105' title='bbox 979 1390 1062 1452; x_wconf 78' lang='lat' dir='ltr'><strong>dune</strong></span> <span class='ocrx_word' id='word_1_106' title='bbox 1074 1390 1205 1481; x_wconf 63' lang='lat' dir='ltr'><strong>indutio,</strong></span> 
     </span>
     <span class='ocr_line' id='line_1_15' title="bbox 199 1473 1205 1554; baseline -0.001 -18"><span class='ocrx_word' id='word_1_107' title='bbox 199 1477 304 1554; x_wconf 78' lang='lat' dir='ltr'><strong>iniquo</strong></span> <span class='ocrx_word' id='word_1_108' title='bbox 319 1475 402 1550; x_wconf 71' lang='lat' dir='ltr'><strong>hoo,</strong></span> <span class='ocrx_word' id='word_1_109' title='bbox 422 1474 526 1535; x_wconf 77' lang='lat' dir='ltr'><strong>aliam</strong></span> <span class='ocrx_word' id='word_1_110' title='bbox 535 1480 688 1551; x_wconf 83' lang='lat' dir='ltr'><strong>tempore,</strong></span> <span class='ocrx_word' id='word_1_111' title='bbox 709 1473 929 1552; x_wconf 70' lang='lat' dir='ltr'><strong>comperiente</strong></span> <span class='ocrx_word' id='word_1_112' title='bbox 943 1474 1056 1552; x_wconf 83' lang='lat' dir='ltr'><strong>eapitis</strong></span> <span class='ocrx_word' id='word_1_113' title='bbox 1068 1491 1130 1535; x_wconf 87' lang='lat' dir='ltr'><strong>ooo</strong></span> <span class='ocrx_word' id='word_1_114' title='bbox 1145 1474 1205 1535; x_wconf 83' lang='lat' dir='ltr'><strong>du-</strong></span> 
     </span>
     <span class='ocr_line' id='line_1_16' title="bbox 172 1553 1204 1634; baseline -0.006 -12"><span class='ocrx_word' id='word_1_115' title='bbox 172 1559 308 1624; x_wconf 81' lang='lat' dir='ltr'><strong>tbt&#39;taot&#39;t</strong></span> <span class='ocrx_word' id='word_1_116' title='bbox 321 1557 486 1620; x_wconf 76' lang='lat' dir='ltr'><strong>ooot&#39;dere?</strong></span> <span class='ocrx_word' id='word_1_117' title='bbox 515 1553 657 1633; x_wconf 85' lang='lat' dir='ltr'><strong>Optimum</strong></span> <span class='ocrx_word' id='word_1_118' title='bbox 673 1564 768 1616; x_wconf 87' lang='lat' dir='ltr'><strong>autem</strong></span> <span class='ocrx_word' id='word_1_119' title='bbox 782 1556 897 1616; x_wconf 84' lang='lat' dir='ltr'><strong>videtur</strong></span> <span class='ocrx_word' id='word_1_120' title='bbox 914 1555 1135 1631; x_wconf 71' lang='lat' dir='ltr'><strong>enthymematis</strong></span> <span class='ocrx_word' id='word_1_121' title='bbox 1152 1573 1204 1634; x_wconf 76' lang='lat' dir='ltr'><strong>ge·</strong></span> 
     </span>
     <span class='ocr_line' id='line_1_17' title="bbox 200 1631 1204 1719; baseline -0.003 -17"><span class='ocrx_word' id='word_1_122' title='bbox 200 1659 264 1718; x_wconf 90' lang='lat' dir='ltr'><strong>nus,</strong></span> <span class='ocrx_word' id='word_1_123' title='bbox 282 1631 346 1702; x_wconf 80' lang='lat' dir='ltr'><strong>euni</strong></span> <span class='ocrx_word' id='word_1_124' title='bbox 361 1641 390 1701; x_wconf 92' lang='lat' dir='ltr'><strong>in</strong></span> <span class='ocrx_word' id='word_1_125' title='bbox 405 1639 607 1719; x_wconf 80' lang='lat' dir='ltr'><strong>propositione</strong></span> <span class='ocrx_word' id='word_1_126' title='bbox 622 1638 754 1700; x_wconf 78' lang='lat' dir='ltr'><strong>dissimili</strong></span> <span class='ocrx_word' id='word_1_127' title='bbox 768 1639 817 1700; x_wconf 87' lang='lat' dir='ltr'><strong>rei</strong></span> <span class='ocrx_word' id='word_1_128' title='bbox 834 1640 978 1700; x_wconf 75' lang='lat' dir='ltr'><strong>contraria</strong></span> <span class='ocrx_word' id='word_1_129' title='bbox 994 1640 1069 1700; x_wconf 88' lang='lat' dir='ltr'><strong>ratio</strong></span> <span class='ocrx_word' id='word_1_130' title='bbox 1086 1639 1204 1700; x_wconf 86' lang='lat' dir='ltr'><strong>subiun-</strong></span> 
     </span>
     <span class='ocr_line' id='line_1_18' title="bbox 199 1720 1205 1804; baseline -0.001 -19"><span class='ocrx_word' id='word_1_131' title='bbox 199 1725 286 1804; x_wconf 75' lang='lat' dir='ltr'><strong>gitur,</strong></span> <span class='ocrx_word' id='word_1_132' title='bbox 301 1724 389 1804; x_wconf 82' lang='lat' dir='ltr'><strong>quale</strong></span> <span class='ocrx_word' id='word_1_133' title='bbox 409 1732 456 1785; x_wconf 87' lang='lat' dir='ltr'><strong>est</strong></span> <span class='ocrx_word' id='word_1_134' title='bbox 470 1722 694 1785; x_wconf 74' lang='lat' dir='ltr'><strong>Demosthenisz</strong></span> <span class='ocrx_word' id='word_1_135' title='bbox 712 1720 782 1784; x_wconf 80' lang='lat' dir='ltr'><strong>Non</strong></span> <span class='ocrx_word' id='word_1_136' title='bbox 806 1725 902 1800; x_wconf 83' lang='lat' dir='ltr'><strong>enim,</strong></span> <span class='ocrx_word' id='word_1_137' title='bbox 923 1724 952 1785; x_wconf 82' lang='lat' dir='ltr'><strong>si</strong></span> <span class='ocrx_word' id='word_1_138' title='bbox 974 1725 1050 1801; x_wconf 78' lang='lat' dir='ltr'><strong>quid</strong></span> <span class='ocrx_word' id='word_1_139' title='bbox 1068 1739 1205 1802; x_wconf 74' lang='lat' dir='ltr'><strong>anquam</strong></span> 
     </span>
     <span class='ocr_line' id='line_1_19' title="bbox 200 1806 1205 1888; baseline -0.003 -16"><span class='ocrx_word' id='word_1_140' title='bbox 200 1817 308 1872; x_wconf 75' lang='lat' dir='ltr'><strong>ooturo</strong></span> <span class='ocrx_word' id='word_1_141' title='bbox 326 1809 409 1888; x_wconf 74' lang='lat' dir='ltr'><strong>tepeo</strong></span> <span class='ocrx_word' id='word_1_142' title='bbox 430 1815 533 1870; x_wconf 83' lang='lat' dir='ltr'><strong>aotam</strong></span> <span class='ocrx_word' id='word_1_143' title='bbox 557 1815 616 1884; x_wconf 86' lang='lat' dir='ltr'><strong>est,</strong></span> <span class='ocrx_word' id='word_1_144' title='bbox 635 1807 731 1884; x_wconf 78' lang='lat' dir='ltr'><strong>idque</strong></span> <span class='ocrx_word' id='word_1_145' title='bbox 750 1812 782 1868; x_wconf 85' lang='lat' dir='ltr'><strong>tu</strong></span> <span class='ocrx_word' id='word_1_146' title='bbox 803 1826 838 1869; x_wconf 84' lang='lat' dir='ltr'><strong>es</strong></span> <span class='ocrx_word' id='word_1_147' title='bbox 856 1807 1008 1885; x_wconf 81' lang='lat' dir='ltr'><strong>imitatus,</strong></span> <span class='ocrx_word' id='word_1_148' title='bbox 1030 1806 1154 1870; x_wconf 82' lang='lat' dir='ltr'><strong>ideireo</strong></span> <span class='ocrx_word' id='word_1_149' title='bbox 1176 1815 1205 1869; x_wconf 84' lang='lat' dir='ltr'><strong>te</strong></span> 
     </span>
     <span class='ocr_line' id='line_1_20' title="bbox 200 1891 1205 1972; baseline -0.003 -17"><span class='ocrx_word' id='word_1_150' title='bbox 200 1893 339 1955; x_wconf 78' lang='lat' dir='ltr'><strong>ooaoeat&#39;t</strong></span> <span class='ocrx_word' id='word_1_151' title='bbox 356 1909 459 1972; x_wconf 83' lang='lat' dir='ltr'><strong>poeno</strong></span> <span class='ocrx_word' id='word_1_152' title='bbox 478 1891 627 1962; x_wconf 61' lang='lat' dir='ltr'><strong>titanum</strong></span> <span class='ocrx_word' id='word_1_153' title='bbox 648 1891 721 1968; x_wconf 73' lang='lat' dir='ltr'><strong>quio</strong></span> <span class='ocrx_word' id='word_1_154' title='bbox 740 1909 758 1952; x_wconf 82' lang='lat' dir='ltr'><strong>e</strong></span> <span class='ocrx_word' id='word_1_155' title='bbox 777 1891 932 1954; x_wconf 74' lang='lat' dir='ltr'><strong>contremo</strong></span> <span class='ocrx_word' id='word_1_156' title='bbox 947 1891 1094 1953; x_wconf 78' lang='lat' dir='ltr'><strong>damnosi</strong></span> <span class='ocrx_word' id='word_1_157' title='bbox 1113 1892 1205 1953; x_wconf 83' lang='lat' dir='ltr'><strong>multo</strong></span> 
     </span>
     <span class='ocr_line' id='line_1_21' title="bbox 199 1972 1282 2056; baseline -0.003 -17"><span class='ocrx_word' id='word_1_158' title='bbox 199 1978 307 2056; x_wconf 75' lang='lat' dir='ltr'><strong>nepta.</strong></span> <span class='ocrx_word' id='word_1_159' title='bbox 345 1972 426 2038; x_wconf 87' lang='lat' dir='ltr'><strong>Nom</strong></span> <span class='ocrx_word' id='word_1_160' title='bbox 440 1985 490 2052; x_wconf 85' lang='lat' dir='ltr'><strong>ut,</strong></span> <span class='ocrx_word' id='word_1_161' title='bbox 511 1976 540 2036; x_wconf 82' lang='lat' dir='ltr'><strong>oi</strong></span> <span class='ocrx_word' id='word_1_162' title='bbox 554 1975 624 2052; x_wconf 74' lang='lat' dir='ltr'><strong>pots</strong></span> <span class='ocrx_word' id='word_1_163' title='bbox 647 1992 752 2037; x_wconf 75' lang='lat' dir='ltr'><strong>eorum</strong></span> <span class='ocrx_word' id='word_1_164' title='bbox 773 1975 940 2037; x_wconf 72' lang='lat' dir='ltr'><strong>damnum</strong></span> <span class='ocrx_word' id='word_1_165' title='bbox 956 1983 1055 2052; x_wconf 79' lang='lat' dir='ltr'><strong>esset,</strong></span> <span class='ocrx_word' id='word_1_166' title='bbox 1078 1981 1111 2036; x_wconf 82' lang='lat' dir='ltr'><strong>tu</strong></span> <span class='ocrx_word' id='word_1_167' title='bbox 1125 1975 1203 2037; x_wconf 80' lang='lat' dir='ltr'><strong>daeo</strong></span> <span class='ocrx_word' id='word_1_168' title='bbox 1281 1979 1282 1984; x_wconf 77' lang='grc'>’</span> 
     </span>
     <span class='ocr_line' id='line_1_22' title="bbox 198 2055 1203 2138; baseline -0.004 -15"><span class='ocrx_word' id='word_1_169' title='bbox 198 2060 528 2138; x_wconf 60' lang='lat' dir='ltr'><strong>mesopotomia,</strong></span> <span class='ocrx_word' id='word_1_170' title='bbox 541 2059 707 2120; x_wconf 79' lang='lat' dir='ltr'><strong>damnatus</strong></span> <span class='ocrx_word' id='word_1_171' title='bbox 717 2065 750 2119; x_wconf 85' lang='lat' dir='ltr'><strong>tu</strong></span> <span class='ocrx_word' id='word_1_172' title='bbox 758 2055 905 2134; x_wconf 62' lang='grc' dir='ltr'><strong>ιὲὶιιιιίι,</strong></span> <span class='ocrx_word' id='word_1_173' title='bbox 916 2077 977 2121; x_wconf 84' lang='lat' dir='ltr'><strong>noo</strong></span> <span class='ocrx_word' id='word_1_174' title='bbox 987 2059 1103 2122; x_wconf 80' lang='lat' dir='ltr'><strong>oeridet</strong></span> <span class='ocrx_word' id='word_1_175' title='bbox 1112 2059 1203 2120; x_wconf 77' lang='lat' dir='ltr'><strong>olion</strong></span> 
     </span>
     <span class='ocr_line' id='line_1_23' title="bbox 171 2140 1203 2221; baseline 0 -20"><span class='ocrx_word' id='word_1_176' title='bbox 171 2155 187 2208; x_wconf 77' lang='grc' dir='ltr'><strong>ι</strong></span> <span class='ocrx_word' id='word_1_177' title='bbox 283 2140 590 2220; x_wconf 81' lang='lat' dir='ltr'><strong>Epiohirematos</strong></span> <span class='ocrx_word' id='word_1_178' title='bbox 614 2149 644 2200; x_wconf 90' lang='lat' dir='ltr'><strong>et</strong></span> <span class='ocrx_word' id='word_1_179' title='bbox 659 2148 795 2220; x_wconf 86' lang='lat' dir='ltr'><strong>quattuor</strong></span> <span class='ocrx_word' id='word_1_180' title='bbox 812 2149 841 2201; x_wconf 90' lang='lat' dir='ltr'><strong>et</strong></span> <span class='ocrx_word' id='word_1_181' title='bbox 856 2143 983 2221; x_wconf 81' lang='lat' dir='ltr'><strong>quinque</strong></span> <span class='ocrx_word' id='word_1_182' title='bbox 1000 2151 1030 2203; x_wconf 86' lang='lat' dir='ltr'><strong>et</strong></span> <span class='ocrx_word' id='word_1_183' title='bbox 1048 2159 1102 2202; x_wconf 86' lang='lat' dir='ltr'><strong>sex</strong></span> <span class='ocrx_word' id='word_1_184' title='bbox 1117 2143 1203 2202; x_wconf 83' lang='lat' dir='ltr'><strong>etiarn</strong></span> 
     </span>
     <span class='ocr_line' id='line_1_24' title="bbox 199 2221 1202 2306; baseline 0 -22"><span class='ocrx_word' id='word_1_185' title='bbox 199 2223 296 2285; x_wconf 82' lang='lat' dir='ltr'><strong>iactae</strong></span> <span class='ocrx_word' id='word_1_186' title='bbox 313 2232 378 2284; x_wconf 87' lang='lat' dir='ltr'><strong>sunt</strong></span> <span class='ocrx_word' id='word_1_187' title='bbox 392 2233 491 2302; x_wconf 89' lang='lat' dir='ltr'><strong>partes</strong></span> <span class='ocrx_word' id='word_1_188' title='bbox 507 2241 523 2283; x_wconf 89' lang='lat' dir='ltr'><strong>a</strong></span> <span class='ocrx_word' id='word_1_189' title='bbox 540 2222 719 2304; x_wconf 85' lang='lat' dir='ltr'><strong>quibusdam.</strong></span> <span class='ocrx_word' id='word_1_190' title='bbox 748 2221 853 2286; x_wconf 82' lang='lat' dir='ltr'><strong>cinero</strong></span> <span class='ocrx_word' id='word_1_191' title='bbox 869 2227 994 2286; x_wconf 81' lang='lat' dir='ltr'><strong>maxime</strong></span> <span class='ocrx_word' id='word_1_192' title='bbox 1011 2226 1139 2306; x_wconf 79' lang='lat' dir='ltr'><strong>quinque</strong></span> <span class='ocrx_word' id='word_1_193' title='bbox 1153 2226 1202 2287; x_wconf 92' lang='lat' dir='ltr'><strong>de·</strong></span> 
     </span>
     <span class='ocr_line' id='line_1_25' title="bbox 200 2307 1203 2389; baseline 0 -21"><span class='ocrx_word' id='word_1_194' title='bbox 200 2307 306 2383; x_wconf 87' lang='lat' dir='ltr'><strong>iendit,</strong></span> <span class='ocrx_word' id='word_1_195' title='bbox 334 2317 366 2369; x_wconf 89' lang='lat' dir='ltr'><strong>ut</strong></span> <span class='ocrx_word' id='word_1_196' title='bbox 380 2308 419 2368; x_wconf 89' lang='lat' dir='ltr'><strong>sit</strong></span> <span class='ocrx_word' id='word_1_197' title='bbox 434 2307 598 2387; x_wconf 82' lang='lat' dir='ltr'><strong>propositio</strong></span> <span class='ocrx_word' id='word_1_198' title='bbox 623 2307 728 2368; x_wconf 91' lang='lat' dir='ltr'><strong>deinde</strong></span> <span class='ocrx_word' id='word_1_199' title='bbox 748 2309 822 2368; x_wconf 85' lang='lat' dir='ltr'><strong>ratio</strong></span> <span class='ocrx_word' id='word_1_200' title='bbox 846 2310 908 2369; x_wconf 87' lang='lat' dir='ltr'><strong>eius</strong></span> <span class='ocrx_word' id='word_1_201' title='bbox 924 2318 983 2370; x_wconf 91' lang='lat' dir='ltr'><strong>tum</strong></span> <span class='ocrx_word' id='word_1_202' title='bbox 999 2310 1158 2389; x_wconf 82' lang='lat' dir='ltr'><strong>assumptio</strong></span> <span class='ocrx_word' id='word_1_203' title='bbox 1174 2317 1203 2368; x_wconf 86' lang='lat' dir='ltr'><strong>et</strong></span> 
     </span>
     <span class='ocr_line' id='line_1_26' title="bbox 200 2389 1201 2472; baseline -0.001 -20"><span class='ocrx_word' id='word_1_204' title='bbox 200 2393 263 2452; x_wconf 89' lang='lat' dir='ltr'><strong>eius</strong></span> <span class='ocrx_word' id='word_1_205' title='bbox 278 2390 423 2470; x_wconf 88' lang='lat' dir='ltr'><strong>probatio,</strong></span> <span class='ocrx_word' id='word_1_206' title='bbox 441 2393 538 2471; x_wconf 87' lang='lat' dir='ltr'><strong>quinta</strong></span> <span class='ocrx_word' id='word_1_207' title='bbox 554 2389 736 2470; x_wconf 68' lang='lat' dir='ltr'><strong>complexim</strong></span> <span class='ocrx_word' id='word_1_208' title='bbox 754 2393 908 2472; x_wconf 82' lang='lat' dir='ltr'><strong>quievero</strong></span> <span class='ocrx_word' id='word_1_209' title='bbox 924 2393 1037 2454; x_wconf 89' lang='lat' dir='ltr'><strong>interim</strong></span> <span class='ocrx_word' id='word_1_210' title='bbox 1053 2401 1084 2452; x_wconf 87' lang='lat' dir='ltr'><strong>et</strong></span> <span class='ocrx_word' id='word_1_211' title='bbox 1094 2408 1201 2471; x_wconf 91' lang='lat' dir='ltr'><strong>propo·</strong></span> 
     </span>
     <span class='ocr_line' id='line_1_27' title="bbox 200 2475 1200 2554; baseline 0 -20"><span class='ocrx_word' id='word_1_212' title='bbox 200 2476 266 2536; x_wconf 87' lang='lat' dir='ltr'><strong>sitio</strong></span> <span class='ocrx_word' id='word_1_213' title='bbox 284 2492 341 2535; x_wconf 96' lang='lat' dir='ltr'><strong>non</strong></span> <span class='ocrx_word' id='word_1_214' title='bbox 350 2484 439 2553; x_wconf 75' lang='lat' dir='ltr'><strong>egeat</strong></span> <span class='ocrx_word' id='word_1_215' title='bbox 449 2476 569 2536; x_wconf 84' lang='lat' dir='ltr'><strong>rationis</strong></span> <span class='ocrx_word' id='word_1_216' title='bbox 581 2483 611 2535; x_wconf 90' lang='lat' dir='ltr'><strong>et</strong></span> <span class='ocrx_word' id='word_1_217' title='bbox 623 2476 782 2553; x_wconf 82' lang='lat' dir='ltr'><strong>assumptio</strong></span> <span class='ocrx_word' id='word_1_218' title='bbox 793 2475 985 2554; x_wconf 86' lang='lat' dir='ltr'><strong>probationis,</strong></span> <span class='ocrx_word' id='word_1_219' title='bbox 1000 2491 1200 2554; x_wconf 84' lang='lat' dir='ltr'><strong>nonnunquam</strong></span> 
     </span>
     <span class='ocr_line' id='line_1_28' title="bbox 201 2558 1199 2639; baseline -0.001 -21"><span class='ocrx_word' id='word_1_220' title='bbox 201 2560 285 2619; x_wconf 86' lang='lat' dir='ltr'><strong>etiarn</strong></span> <span class='ocrx_word' id='word_1_221' title='bbox 301 2558 506 2639; x_wconf 84' lang='lat' dir='ltr'><strong>oompiexione</strong></span> <span class='ocrx_word' id='word_1_222' title='bbox 522 2575 597 2638; x_wconf 88' lang='lat' dir='ltr'><strong>opus</strong></span> <span class='ocrx_word' id='word_1_223' title='bbox 610 2575 668 2618; x_wconf 91' lang='lat' dir='ltr'><strong>non</strong></span> <span class='ocrx_word' id='word_1_224' title='bbox 683 2559 735 2619; x_wconf 88' lang='lat' dir='ltr'><strong>sit:</strong></span> <span class='ocrx_word' id='word_1_225' title='bbox 758 2566 788 2617; x_wconf 92' lang='lat' dir='ltr'><strong>et</strong></span> <span class='ocrx_word' id='word_1_226' title='bbox 799 2560 1038 2639; x_wconf 82' lang='lat' dir='ltr'><strong>quadripertitam</strong></span> <span class='ocrx_word' id='word_1_227' title='bbox 1053 2567 1083 2619; x_wconf 88' lang='lat' dir='ltr'><strong>et</strong></span> <span class='ocrx_word' id='word_1_228' title='bbox 1097 2559 1199 2637; x_wconf 89' lang='lat' dir='ltr'><strong>triper-</strong></span> 
     </span>
     <span class='ocr_line' id='line_1_29' title="bbox 172 2640 1199 2722; baseline -0.007 -15"><span class='ocrx_word' id='word_1_229' title='bbox 172 2643 278 2707; x_wconf 88' lang='lat' dir='ltr'><strong>6titam</strong></span> <span class='ocrx_word' id='word_1_230' title='bbox 294 2652 324 2704; x_wconf 89' lang='lat' dir='ltr'><strong>et</strong></span> <span class='ocrx_word' id='word_1_231' title='bbox 337 2642 502 2722; x_wconf 81' lang='lat' dir='ltr'><strong>bipertitam</strong></span> <span class='ocrx_word' id='word_1_232' title='bbox 517 2659 636 2722; x_wconf 79' lang='lat' dir='ltr'><strong>quoque</strong></span> <span class='ocrx_word' id='word_1_233' title='bbox 659 2641 723 2702; x_wconf 82' lang='lat' dir='ltr'><strong>deri</strong></span> <span class='ocrx_word' id='word_1_234' title='bbox 738 2657 828 2720; x_wconf 86' lang='lat' dir='ltr'><strong>posse</strong></span> <span class='ocrx_word' id='word_1_235' title='bbox 844 2643 1104 2704; x_wconf 75' lang='lat' dir='ltr'><strong>ratiocinationem.</strong></span> <span class='ocrx_word' id='word_1_236' title='bbox 1134 2640 1199 2702; x_wconf 78' lang='lat' dir='ltr'><strong>titii</strong></span> 
     </span>
     <span class='ocr_line' id='line_1_30' title="bbox 199 2724 1198 2804; baseline -0.004 -18"><span class='ocrx_word' id='word_1_237' title='bbox 199 2734 229 2786; x_wconf 93' lang='lat' dir='ltr'><strong>et</strong></span> <span class='ocrx_word' id='word_1_238' title='bbox 249 2725 380 2804; x_wconf 85' lang='lat' dir='ltr'><strong>pluribus</strong></span> <span class='ocrx_word' id='word_1_239' title='bbox 400 2725 583 2786; x_wconf 84' lang='lat' dir='ltr'><strong>nihilominus</strong></span> <span class='ocrx_word' id='word_1_240' title='bbox 606 2724 774 2786; x_wconf 76' lang='lat' dir='ltr'><strong>auotoritas</strong></span> <span class='ocrx_word' id='word_1_241' title='bbox 795 2734 876 2786; x_wconf 83' lang='lat' dir='ltr'><strong>tres</strong></span> <span class='ocrx_word' id='word_1_242' title='bbox 898 2743 1036 2788; x_wconf 88' lang='lat' dir='ltr'><strong>summurn</strong></span> <span class='ocrx_word' id='word_1_243' title='bbox 1056 2724 1198 2786; x_wconf 85' lang='lat' dir='ltr'><strong>ridentur.</strong></span> 
     </span>
     <span class='ocr_line' id='line_1_31' title="bbox 198 2805 1200 2890; baseline 0.001 -22"><span class='ocrx_word' id='word_1_244' title='bbox 198 2805 270 2868; x_wconf 85' lang='lat' dir='ltr'><strong>Nam</strong></span> <span class='ocrx_word' id='word_1_245' title='bbox 290 2810 329 2869; x_wconf 90' lang='lat' dir='ltr'><strong>ita</strong></span> <span class='ocrx_word' id='word_1_246' title='bbox 352 2827 385 2870; x_wconf 87' lang='lat' dir='ltr'><strong>se</strong></span> <span class='ocrx_word' id='word_1_247' title='bbox 407 2808 496 2871; x_wconf 85' lang='lat' dir='ltr'><strong>habet</strong></span> <span class='ocrx_word' id='word_1_248' title='bbox 515 2811 571 2870; x_wconf 86' lang='lat' dir='ltr'><strong>ista</strong></span> <span class='ocrx_word' id='word_1_249' title='bbox 601 2818 718 2884; x_wconf 88' lang='lat' dir='ltr'><strong>natura,</strong></span> <span class='ocrx_word' id='word_1_250' title='bbox 740 2817 773 2869; x_wconf 92' lang='lat' dir='ltr'><strong>ut</strong></span> <span class='ocrx_word' id='word_1_251' title='bbox 796 2811 848 2886; x_wconf 90' lang='lat' dir='ltr'><strong>sit,</strong></span> <span class='ocrx_word' id='word_1_252' title='bbox 871 2810 908 2870; x_wconf 85' lang='lat' dir='ltr'><strong>da</strong></span> <span class='ocrx_word' id='word_1_253' title='bbox 924 2827 983 2889; x_wconf 86' lang='lat' dir='ltr'><strong>qno</strong></span> <span class='ocrx_word' id='word_1_254' title='bbox 1000 2818 1157 2890; x_wconf 86' lang='lat' dir='ltr'><strong>quaeratur</strong></span> <span class='ocrx_word' id='word_1_255' title='bbox 1171 2815 1200 2868; x_wconf 91' lang='lat' dir='ltr'><strong>et</strong></span> 
     </span>
     <span class='ocr_line' id='line_1_32' title="bbox 198 2891 1199 2971; baseline 0.002 -22"><span class='ocrx_word' id='word_1_256' title='bbox 198 2907 253 2969; x_wconf 93' lang='lat' dir='ltr'><strong>per</strong></span> <span class='ocrx_word' id='word_1_257' title='bbox 267 2891 346 2969; x_wconf 81' lang='lat' dir='ltr'><strong>qnod</strong></span> <span class='ocrx_word' id='word_1_258' title='bbox 361 2891 515 2971; x_wconf 72' lang='lat' dir='ltr'><strong>probatum</strong></span> <span class='ocrx_word' id='word_1_259' title='bbox 541 2893 655 2953; x_wconf 84' lang='lat' dir='ltr'><strong>tertium</strong></span> <span class='ocrx_word' id='word_1_260' title='bbox 676 2893 763 2954; x_wconf 82' lang='lat' dir='ltr'><strong>adiiei</strong></span> <span class='ocrx_word' id='word_1_261' title='bbox 784 2901 885 2971; x_wconf 87' lang='lat' dir='ltr'><strong>potest</strong></span> <span class='ocrx_word' id='word_1_262' title='bbox 906 2893 988 2954; x_wconf 84' lang='lat' dir='ltr'><strong>velut</strong></span> <span class='ocrx_word' id='word_1_263' title='bbox 1003 2911 1041 2954; x_wconf 85' lang='lat' dir='ltr'><strong>ex</strong></span> <span class='ocrx_word' id='word_1_264' title='bbox 1057 2909 1199 2953; x_wconf 78' lang='lat' dir='ltr'><strong>sumansu</strong></span> 
     </span>
     <span class='ocr_line' id='line_1_33' title="bbox 199 2973 1199 3055; baseline 0.002 -21"><span class='ocrx_word' id='word_1_265' title='bbox 199 2973 319 3034; x_wconf 91' lang='lat' dir='ltr'><strong>duorum</strong></span> <span class='ocrx_word' id='word_1_266' title='bbox 336 2975 577 3036; x_wconf 78' lang='lat' dir='ltr'><strong>antecedentium.</strong></span> <span class='ocrx_word' id='word_1_267' title='bbox 613 2975 657 3036; x_wconf 91' lang='lat' dir='ltr'><strong>Ita</strong></span> <span class='ocrx_word' id='word_1_268' title='bbox 679 2978 734 3036; x_wconf 90' lang='lat' dir='ltr'><strong>erit</strong></span> <span class='ocrx_word' id='word_1_269' title='bbox 754 2977 845 3055; x_wconf 86' lang='lat' dir='ltr'><strong>prima</strong></span> <span class='ocrx_word' id='word_1_270' title='bbox 866 2979 1051 3053; x_wconf 89' lang='lat' dir='ltr'><strong>intentio,</strong></span> <span class='ocrx_word' id='word_1_271' title='bbox 1073 2976 1199 3038; x_wconf 73' lang='lat' dir='ltr'><strong>secunda</strong></span> 
     </span>
     <span class='ocr_line' id='line_1_34' title="bbox 199 3057 1263 3139; baseline 0.001 -22"><span class='ocrx_word' id='word_1_272' title='bbox 199 3058 416 3138; x_wconf 84' lang='lat' dir='ltr'><strong>assumptio,</strong></span> <span class='ocrx_word' id='word_1_273' title='bbox 439 3060 525 3120; x_wconf 88' lang='lat' dir='ltr'><strong>tertia</strong></span> <span class='ocrx_word' id='word_1_274' title='bbox 549 3060 745 3121; x_wconf 77' lang='lat' dir='ltr'><strong>connexio.</strong></span> <span class='ocrx_word' id='word_1_275' title='bbox 791 3057 865 3120; x_wconf 89' lang='lat' dir='ltr'><strong>Nam</strong></span> <span class='ocrx_word' id='word_1_276' title='bbox 888 3057 1068 3121; x_wconf 79' lang='lat' dir='ltr'><strong>confirmatio</strong></span> <span class='ocrx_word' id='word_1_277' title='bbox 1091 3059 1198 3139; x_wconf 88' lang='lat' dir='ltr'><strong>primae</strong></span> <span class='ocrx_word' id='word_1_278' title='bbox 1256 3059 1263 3077; x_wconf 91' lang='lat'><em>&#39;</em></span> 
     </span>
     <span class='ocr_line' id='line_1_35' title="bbox 199 3141 1198 3223; baseline 0.001 -23"><span class='ocrx_word' id='word_1_279' title='bbox 199 3157 234 3200; x_wconf 87' lang='lat' dir='ltr'><strong>ao</strong></span> <span class='ocrx_word' id='word_1_280' title='bbox 249 3142 395 3203; x_wconf 78' lang='lat' dir='ltr'><strong>secundae</strong></span> <span class='ocrx_word' id='word_1_281' title='bbox 411 3144 501 3222; x_wconf 91' lang='lat' dir='ltr'><strong>partis</strong></span> <span class='ocrx_word' id='word_1_282' title='bbox 517 3145 669 3205; x_wconf 85' lang='lat' dir='ltr'><strong>exornatio</strong></span> <span class='ocrx_word' id='word_1_283' title='bbox 689 3149 719 3200; x_wconf 88' lang='lat' dir='ltr'><strong>et</strong></span> <span class='ocrx_word' id='word_1_284' title='bbox 735 3141 845 3202; x_wconf 88' lang='lat' dir='ltr'><strong>eisdem</strong></span> <span class='ocrx_word' id='word_1_285' title='bbox 860 3141 969 3204; x_wconf 78' lang='lat' dir='ltr'><strong>endere</strong></span> <span class='ocrx_word' id='word_1_286' title='bbox 984 3151 1124 3223; x_wconf 86' lang='lat' dir='ltr'><strong>possunt,</strong></span> <span class='ocrx_word' id='word_1_287' title='bbox 1140 3143 1198 3222; x_wconf 82' lang='lat' dir='ltr'><strong>qni·</strong></span> 
     </span>
     <span class='ocr_line' id='line_1_36' title="bbox 169 3223 1198 3307; baseline -0.004 -18"><span class='ocrx_word' id='word_1_288' title='bbox 169 3224 254 3289; x_wconf 76' lang='lat' dir='ltr'><strong>tous</strong></span> <span class='ocrx_word' id='word_1_289' title='bbox 270 3224 466 3289; x_wconf 78' lang='lat' dir='ltr'><strong>subiciuntur.</strong></span> <span class='ocrx_word' id='word_1_290' title='bbox 504 3228 653 3289; x_wconf 80' lang='lat' dir='ltr'><strong>sumamus</strong></span> <span class='ocrx_word' id='word_1_291' title='bbox 678 3225 751 3284; x_wconf 90' lang='lat' dir='ltr'><strong>enim</strong></span> <span class='ocrx_word' id='word_1_292' title='bbox 773 3241 810 3285; x_wconf 84' lang='lat' dir='ltr'><strong>ex</strong></span> <span class='ocrx_word' id='word_1_293' title='bbox 826 3223 972 3288; x_wconf 83' lang='lat' dir='ltr'><strong>Gieerone</strong></span> <span class='ocrx_word' id='word_1_294' title='bbox 993 3228 1122 3307; x_wconf 79' lang='lat' dir='ltr'><strong>quinque</strong></span> <span class='ocrx_word' id='word_1_295' title='bbox 1137 3241 1198 3304; x_wconf 91' lang='lat' dir='ltr'><strong>par·</strong></span> 
     </span>
     <span class='ocr_line' id='line_1_37' title="bbox 198 3308 1197 3391; baseline 0.005 -24"><span class='ocrx_word' id='word_1_296' title='bbox 198 3310 267 3368; x_wconf 93' lang='lat' dir='ltr'><strong>tium</strong></span> <span class='ocrx_word' id='word_1_297' title='bbox 284 3310 463 3391; x_wconf 85' lang='lat' dir='ltr'><strong>exemplum:</strong></span> <span class='ocrx_word' id='word_1_298' title='bbox 485 3309 595 3373; x_wconf 80' lang='lat' dir='ltr'><strong>Metius</strong></span> <span class='ocrx_word' id='word_1_299' title='bbox 616 3308 896 3388; x_wconf 68' lang='lat' dir='ltr'><strong>paternensem,</strong></span> <span class='ocrx_word' id='word_1_300' title='bbox 913 3327 994 3390; x_wconf 77' lang='lat' dir='ltr'><strong>quoe</strong></span> <span class='ocrx_word' id='word_1_301' title='bbox 1008 3311 1136 3373; x_wconf 84' lang='lat' dir='ltr'><strong>consitio</strong></span> <span class='ocrx_word' id='word_1_302' title='bbox 1151 3327 1197 3372; x_wconf 81' lang='lat' dir='ltr'><strong>re·</strong></span> 
     </span>
     <span class='ocr_line' id='line_1_38' title="bbox 196 3391 1199 3473; baseline -0.001 -20"><span class='ocrx_word' id='word_1_303' title='bbox 196 3401 313 3471; x_wconf 80' lang='lat' dir='ltr'><strong>putetur</strong></span> <span class='ocrx_word' id='word_1_304' title='bbox 339 3410 430 3473; x_wconf 74' lang='lat' dir='ltr'><strong>quom</strong></span> <span class='ocrx_word' id='word_1_305' title='bbox 454 3409 534 3473; x_wconf 80' lang='lat' dir='ltr'><strong>quae</strong></span> <span class='ocrx_word' id='word_1_306' title='bbox 564 3394 630 3454; x_wconf 80' lang='lat' dir='ltr'><strong>siae</strong></span> <span class='ocrx_word' id='word_1_307' title='bbox 656 3393 780 3455; x_wconf 77' lang='lat' dir='ltr'><strong>consilio</strong></span> <span class='ocrx_word' id='word_1_308' title='bbox 808 3394 1075 3458; x_wconf 79' lang='lat' dir='ltr'><strong>administrantur.</strong></span> <span class='ocrx_word' id='word_1_309' title='bbox 1121 3391 1199 3453; x_wconf 83' lang='lat' dir='ltr'><strong>Hane</strong></span> 
     </span>
     <span class='ocr_line' id='line_1_39' title="bbox 199 3476 1199 3558; baseline 0.001 -23"><span class='ocrx_word' id='word_1_310' title='bbox 199 3476 317 3552; x_wconf 88' lang='lat' dir='ltr'><strong>primam</strong></span> <span class='ocrx_word' id='word_1_311' title='bbox 333 3486 446 3557; x_wconf 88' lang='lat' dir='ltr'><strong>partem</strong></span> <span class='ocrx_word' id='word_1_312' title='bbox 461 3483 624 3546; x_wconf 88' lang='lat' dir='ltr'><strong>numerant;</strong></span> <span class='ocrx_word' id='word_1_313' title='bbox 648 3492 711 3536; x_wconf 90' lang='lat' dir='ltr'><strong>eam</strong></span> <span class='ocrx_word' id='word_1_314' title='bbox 732 3477 873 3558; x_wconf 78' lang='lat' dir='ltr'><strong>deinceps</strong></span> <span class='ocrx_word' id='word_1_315' title='bbox 891 3478 1051 3541; x_wconf 89' lang='lat' dir='ltr'><strong>rationibus</strong></span> <span class='ocrx_word' id='word_1_316' title='bbox 1066 3476 1155 3540; x_wconf 85' lang='lat' dir='ltr'><strong>variis</strong></span> <span class='ocrx_word' id='word_1_317' title='bbox 1170 3483 1199 3537; x_wconf 93' lang='lat' dir='ltr'><strong>et</strong></span> 
     </span>
    </p>
   </div>
   <div class='ocr_carea' id='block_1_4' title="bbox 0 0 1300 3940">
    <p class='ocr_par' dir='ltr' id='par_1_4' title="bbox 0 0 1300 3940">
     <span class='ocr_line' id='line_1_40' title="bbox 0 0 1300 3940; baseline 0 3"><span class='ocrx_word' id='word_1_318' title='bbox 0 0 1300 3940; x_wconf 95' lang='lat' dir='ltr'><strong> </strong></span> 
     </span>
    </p>
   </div>
  </div>
 </body>
</html>
