2608 3948
385 197 475 246 tusa.
490 195 641 246 ORATOR.
657 196 727 244 LIB.
745 198 781 260 11,
798 198 839 249 it.
1079 187 1119 250 87

110 355 252 418 credone
273 353 505 434 persuasibilia.
553 349 609 424 Qui
633 350 697 410 linis
711 361 741 411 et
762 352 832 414 illud
855 355 970 431 vitiam
998 356 1036 416 de
1061 373 1119 435 quo

112 456 201 518 supra
222 438 356 513 diximus,
371 433 459 496 habet
477 445 507 496 et
521 437 658 514 iusuper,
674 434 752 513 quod
767 436 837 498 nllril
856 439 911 498 nisi
925 441 1120 502 inventionem

114 523 334 602 complectitur,
350 537 425 600 quae
439 521 502 582 sine
518 519 686 581 elocutione
702 535 759 578 non
776 528 821 580 est
835 525 940 582 oratio.
971 522 1119 585 Herma·
1131 536 1163 590 li

25 637 30 642 ·
111 625 248 686 goras,
269 607 318 685 qui
339 604 425 665 linem
444 606 508 665 eius
531 621 599 664 esse
618 605 658 663 ait
677 606 925 683 permucibiliter·
946 607 1068 686 dicere,
1092 618 1121 668 et

24 749 30 760 ,
113 692 190 767 aliis,
213 692 262 770 qui
278 689 399 750 eandem
416 690 588 749 sententiam
602 702 662 748 non
673 687 776 748 iisdem
789 697 899 750 tantum
912 691 1011 753 verbis
1029 693 1120 770 expli-

112 783 181 836 cant
196 791 232 834 ac
248 774 332 834 linem
342 790 410 833 esse
421 773 617 834 demonstrant
630 773 746 850 dicare,
763 789 845 852 quoe
854 784 1005 856 oporteat,
1019 779 1121 839 munio

113 862 159 922 ud
172 859 433 938 permodestum,
452 858 523 918 satis
538 872 711 935 responsum
727 866 783 932 est,
798 873 862 918 curu
873 859 1053 938 persuadere
1064 877 1122 920 non

113 952 223 1004 tanturn
241 943 368 1002 oratoris
385 959 452 1002 esse
470 942 657 1002 convicimus.
689 940 795 1003 Addita
813 951 879 1003 sunt
898 943 1163 1009 hisaliavarie.1o

114 1027 237 1102 Quidam
257 1028 331 1086 enirn
352 1027 442 1089 circa
461 1043 514 1088 res
531 1043 651 1102 oneres,
663 1025 786 1104 'quidam
804 1029 891 1088 circo
913 1030 1017 1092 duitas
1035 1027 1122 1091 modo

112 1113 226 1172 versari
244 1110 411 1172 rhetoricen
432 1117 619 1190 putaverunt;
641 1125 763 1188 quornm
782 1113 881 1170 verius
903 1121 995 1172 nuum
1017 1116 1070 1191 sit,
1093 1116 1123 1173 in

114 1213 151 1256 eo
169 1196 254 1273 loco,
278 1196 326 1274 qai
349 1194 432 1256 huius
454 1194 633 1274 quaestionis
647 1195 785 1272 proprius
800 1203 861 1270 est,
882 1194 984 1256 dicam.
1022 1195 1122 1258 Omnia
1132 1207 1165 1262 16

114 1279 279 1340 subiecisse
295 1281 405 1340 oratori
416 1279 532 1340 videtur
550 1277 803 1355 Aristoteles,
824 1295 888 1339 curn
900 1280 973 1340 dixit
984 1282 1045 1342 cim
1056 1298 1123 1344 esve

113 1365 259 1440 uidendi,
284 1366 360 1442 quid
380 1367 412 1426 in
431 1379 554 1442 quoque
571 1381 607 1425 re
622 1365 723 1443 possit
745 1381 813 1426 esse
831 1365 1048 1444 permeasilrile.
1086 1363 1125 1424 Et

115 1447 336 1522 Patrocles,
362 1448 411 1526 qui
427 1465 486 1508 non
502 1448 617 1526 quidem
632 1445 729 1508 adiicit
743 1450 776 1510 t'n
796 1463 919 1528 quoque
933 1466 986 1526 rc,
1008 1449 1061 1509 sed
1081 1451 1123 1509 ni·

115 1531 156 1592 hil
177 1531 350 1610 excipiendo
376 1531 452 1591 idem
475 1531 618 1607 ostendit,
643 1534 704 1593 eim
728 1534 802 1593 enim
824 1542 911 1594 vocat
934 1533 1121 1610 inveniendi,

115 1618 200 1695 quod
217 1617 258 1677 sit
275 1616 308 1677 t‘n
325 1618 466 1678 oratione
480 1616 710 1696 persuasibilm
735 1619 783 1695 qui
803 1615 876 1676 lines
899 1626 929 1677 et
948 1619 1004 1696 ipsi
1030 1618 1123 1678 solam

115 1699 350 1780 complectantur
371 1702 575 1761 inventionem.
619 1697 704 1774 Quod
724 1703 822 1760 vitium
846 1699 961 1778 fugiens
983 1701 1122 1763 Diodo-

116 1800 177 1844 rus
200 1787 261 1846 vim
281 1793 362 1864 putat
373 1786 552 1848 inveniendi
572 1781 761 1863 alloquendi
780 1803 849 1845 eum
862 1793 974 1847 ornatu
988 1786 1123 1848 eredidi-

115 1870 159 1934 lio
173 1871 205 1929 in
219 1871 301 1930 omni
315 1869 462 1932 oratione.
500 1868 559 1928 Sed
582 1883 654 1928 eum.
667 1869 772 1928 eodem
794 1867 881 1928 modo
898 1868 1123 1948 credibilia-quo
1133 1875 1162 1931 lt

115 1951 321 2033 persuasibilia
344 1954 430 2014 etiam
450 1969 508 2012 non
525 1959 625 2012 orator
639 1952 782 2029 inveniat,
808 1952 969 2013 adiiciendo
991 1955 1023 2015 in
1044 1954 1125 2015 omni

115 2038 255 2100 motione
281 2037 374 2118 magis
406 2051 489 2116 qoam
513 2037 683 2115 superiores
711 2036 845 2098 concedit
866 2036 982 2098 scelera
1006 2053 1124 2117 qnoque

115 2120 304 2182 suadentibus
320 2120 534 2200 pulcherrimae
549 2122 592 2181 rei
606 2137 721 2181 nornen.
757 2119 913 2200 Gorgias
936 2122 1012 2202 apud
1027 2121 1166 2184 Plato-18

116 2223 181 2264 nem
201 2205 341 2266 suadendi
363 2223 396 2266 se
419 2206 558 2266 artificem
579 2208 613 2266 itt
629 2207 755 2268 iudiciis
775 2215 804 2267 et
816 2203 890 2268 otiis
906 2205 1042 2269 coetibus
1056 2225 1123 2268 esse

114 2291 166 2364 ait,
185 2291 225 2352 de
238 2291 329 2352 iusta
344 2305 464 2369 quoque
478 2299 507 2352 et
521 2289 643 2354 iniustis
656 2297 815 2361 tractura,-
832 2291 878 2350 cui
895 2291 1035 2351 Socrates
1055 2307 1121 2368 per-

116 2372 257 2434 suadendi
283 2389 341 2433 non
364 2375 489 2436 docendi
512 2373 647 2435 concedit
666 2371 842 2434 facultatem.
890 2373 945 2448 out
970 2391 1043 2434 vero
1065 2389 1122 2432 non
1133 2378 1167 2431 19

116 2458 212 2517 omnia
233 2455 423 2517 subiiciebant
444 2460 569 2534 oratori,
594 2452 747 2518 sollicitius
774 2473 810 2517 ae
832 2457 1002 2535 verbosius,
1029 2466 1060 2516 ut
1073 2472 1123 2515 ne-

117 2557 205 2601 cesse
222 2549 301 2617 erat,
326 2539 516 2602 adhibuerunt
537 2542 713 2610 discrimina;
738 2537 860 2620 qnorum
880 2540 934 2600 ituit
950 2540 1123 2616 Ariston,

117 2622 240 2686 Critolai
259 2624 444 2705 Peripatetici
461 2625 637 2704 discipulus,
659 2627 740 2689 cuius
761 2621 810 2684 hic
831 2624 895 2684 linis
911 2633 972 2700 est,
994 2623 1125 2686 scienda

115 2709 244 2772 oideuds'
258 2718 287 2772 et
301 2710 416 2788 (spondi
429 2711 461 2770 in
485 2710 714 2788 quaestionibus
728 2708 869 2770 civilibus
883 2723 943 2786 per
956 2709 1125 2771 orationem

114 2795 279 2875 popularis
296 2795 520 2874 persuasionis.
564 2792 617 2853 llic
639 2794 807 2867 scientiam,
832 2793 897 2871 quia
913 2791 1168 2873 Peripateticnsto

118 2887 178 2958 est,
200 2896 274 2955 non,
298 2887 329 2938 ut
350 2879 458 2956 Stoici,
482 2879 597 2939 virtutis
618 2878 686 2939 loco
708 2877 804 2957 ponit;
835 2875 1007 2956 popularem
1029 2885 1125 2938 autem

119 2962 396 3042 comprehendendo
412 2965 633 3042 persuasionem
658 2963 743 3024 etiam
760 2961 987 3022 contumeliosus
1009 2971 1054 3022 est
1076 2961 1124 3022 ad·

118 3064 223 3106 versus
243 3055 334 3108 artam
358 3049 478 3125 orandi,
502 3063 586 3127 quam
605 3047 676 3107 nilril
698 3055 779 3126 putat
798 3045 894 3107 doctis
909 3061 1123 3126 persuasuram.

118 3129 194 3191 lllud
209 3130 246 3190 de
263 3130 411 3208 omnibus,
437 3134 484 3211 qui
508 3134 587 3192 circa
607 3130 711 3192 civiles
726 3127 839 3191 demum
854 3133 1043 3209 quaestiones
1060 3139 1124 3188 ora-

118 3224 213 3275 torem
232 3213 358 3274 iudicant
381 3218 511 3292 versari,
538 3216 645 3276 dictum
669 3217 723 3292 sit,
749 3213 865 3276 excludi
886 3214 922 3275 ab
942 3214 987 3273 iris
1003 3210 1125 3290 plurima

117 3299 245 3360 oratoris
263 3295 375 3372 olicis,
396 3299 473 3359 illam
489 3308 571 3359 certe
587 3299 758 3361 laudativam
772 3307 876 3374 totam,
900 3313 974 3375 quae
999 3304 1045 3355 est
1059 3295 1124 3356 rhe-

118 3385 229 3444 torices
253 3399 321 3462 pars
341 3385 437 3442 tertia.
476 3377 594 3442 Cautius
619 3381 836 3442 Theodorus
864 3379 1068 3457 Gadareus,
1094 3389 1166 3444 atat

118 3469 174 3528 iam
196 3466 231 3527 ad
254 3481 306 3527 eos
322 3468 486 3542 veniamus,
515 3469 562 3545 qui
582 3463 672 3528 artent
694 3464 808 3545 quidem
829 3477 897 3524 esse
922 3481 984 3526 eam
1002 3463 1127 3526 sednon

1207 3545 1291 3670 „p
