2608 3948
187 201 245 268 168
505 214 867 274 suessonensium

185 381 333 451 totamque
350 370 388 430 dc
401 371 431 430 ri
449 370 579 450 explicet
594 387 724 444 oausam,
746 386 822 448 quae
837 378 882 430 est
895 371 987 450 ipsius
1002 371 1118 432 solioum
1133 371 1184 431 de·

140 452 288 520 autenm?
314 453 374 516 Sed
388 470 442 514 uos
458 452 537 514 ducit
552 452 716 514 scholarum
732 453 923 531 commeando,
938 455 967 513 in
983 455 1087 534 quibus
1104 464 1184 515 certs

185 539 325 619 quaedam
341 547 494 617 pensatur,
512 554 588 614 qaue
601 536 727 598 themata
742 536 873 616 dicimus,
888 546 1008 617 praeter
1022 557 1097 618 quae
1112 537 1185 601 nihil

185 632 231 688 est
245 622 418 684 diluendum.
450 619 580 698 Ideoque
596 621 720 681 narratio
736 623 889 700 prooemio
905 639 1024 702 semper
1037 621 1182 701 subiungi·

185 715 238 770 lito
279 705 350 768 lete
365 704 486 764 libertas
508 703 767 781 declamtoriltus,
790 713 821 765 ut
844 707 929 767 etiam
949 705 1077 767 secundo
1092 708 1185 784 perlis
1290 707 1291 714 ’

141 797 254 852 elisaee
272 789 340 850 loco
356 805 473 850 narrare
488 788 648 848 rideantur.
685 786 757 850 Nam
772 807 836 849 cum
851 806 905 868 pro
927 791 1055 869 petitore
1069 790 1168 850 dicunt

185 883 214 934 et
229 873 430 952 expositione,
447 879 580 950 tanquam
596 873 712 950 priores
725 880 827 950 egent,
842 875 883 933 uti
900 873 1008 950 solent,
1025 883 1055 934 et
1069 882 1184 934 conme-

184 957 327 1032 dictione,
350 964 484 1034 tanquam
504 956 717 1034 respondesnt;
738 956 826 1034 idque
848 957 880 1016 tit
901 968 993 1018 recte.
1026 956 1097 1017 Nam
1120 973 1185 1017 cum

184 1041 221 1100 sit
247 1039 419 1102 declamatio
444 1039 602 1100 forensium
626 1041 769 1100 actionum
794 1041 959 1119 meditatio,
994 1059 1045 1101 cm
1071 1057 1129 1100 uon
1155 1042 1184 1099 in

183 1133 335 1202 utrumqne
352 1124 485 1202 protinus
500 1123 596 1184 locum
610 1141 643 1182 se
658 1120 817 1184 exerceat?
849 1121 936 1184 Gaius
954 1126 1072 1186 rationis
1089 1124 1185 1202 ignari

185 1225 222 1268 ex
236 1225 334 1283 more,
351 1209 396 1268 cui
411 1217 580 1283 assuerunt,
601 1207 671 1268 mlril
686 1208 715 1268 in
729 1208 794 1267 foro
811 1216 911 1286 putent
926 1227 994 1268 esse
1008 1207 1181 1268 mutandum.

140 1291 242 1355 aosed
259 1293 288 1350 in
304 1289 488 1353 scholasticis
504 1307 622 1369 qnoque
643 1307 845 1370 nonnunquam
865 1294 978 1369 euenit,
1000 1300 1030 1352 ul
1044 1309 1098 1371 pro
1118 1308 1183 1350 ner·

183 1376 297 1436 mione
316 1376 354 1434 sit
368 1375 542 1452 propositio.
578 1372 650 1434 Nem
665 1375 732 1453 quid
748 1385 893 1453 exponet,
917 1394 991 1456 quae
1013 1376 1182 1454 zelotypum
1290 1405 1291 1448 1

182 1458 275 1520 malae
293 1459 472 1518 tractationis
493 1467 627 1533 accusat,
650 1467 698 1519 sut
718 1460 767 1537 qui
783 1456 922 1536 Cynicum
943 1461 1019 1539 apud
1040 1475 1181 1519 censores

182 1558 264 1602 reum
278 1540 314 1601 de
329 1539 457 1602 moritus
473 1540 557 1610 lacit;
580 1559 643 1602 cum
658 1551 749 1602 totum
765 1543 875 1604 crimen
889 1561 946 1604 uno
960 1542 1053 1604 verbo
1070 1544 1098 1603 in
1113 1558 1182 1621 que·

183 1623 254 1684 liltet
266 1625 388 1686 actionis
402 1633 485 1703 parte
500 1627 600 1703 posito
609 1627 679 1686 satis
692 1621 853 1686 indicetur?
876 1628 935 1688 Sed
947 1627 1020 1688 haec
1031 1626 1181 1687 hactenus.
1216 1703 1218 1708 Ι

140 1716 174 1772 31
265 1707 361 1784 Nono,
378 1725 451 1787 quse
467 1710 505 1770 sit
522 1709 695 1770 narrandi
711 1712 826 1786 ratio,
846 1710 1025 1790 subiungant.
1048 1709 1183 1770 Narratio

184 1801 230 1852 cst
244 1791 292 1852 rei
303 1792 398 1853 iactae
413 1801 461 1852 aut
477 1801 508 1852 ut
523 1792 619 1853 iactae
634 1793 713 1854 utilis
727 1793 763 1855 ad
778 1795 1009 1872 persuadendum
1024 1794 1181 1873 expositio,

182 1875 231 1936 rel
252 1875 299 1954 (ut
312 1875 512 1956 Apollodorus
533 1876 610 1956 linit)
631 1879 724 1937 oratio
745 1878 856 1955 docens
872 1879 1048 1955 auditorem,
1070 1876 1137 1956 qnid
1153 1877 1183 1935 in
1290 1935 1291 1942 ,

184 1962 384 2022 controuersia
399 1961 446 2020 sit.
477 1957 549 2020 Eam
563 1960 700 2039 plerique
712 1963 888 2041 scriptores,
911 1963 1033 2023 maxime
1049 1963 1097 2040 qni
1115 1965 1182 2020 suut
1290 2015 1291 2022 ,

183 2042 219 2105 alt
234 2041 381 2118 Isocrate,
401 2043 502 2103 volunt
518 2062 585 2104 esse
600 2043 739 2121 lucidam,
756 2044 886 2122 brevem,
904 2045 1099 2107 verisimilem.
1123 2041 1181 2102 Ne-

184 2141 240 2204 que
262 2128 336 2186 enim
355 2126 463 2200 refert,
486 2144 522 2186 an
542 2143 596 2205 pro
619 2127 714 2188 lucida
734 2131 934 2208 perspicuam,
957 2146 1012 2209 pro
1033 2125 1183 2187 verisimili

141 2207 364 2287 seprobsbilem
386 2208 595 2270 credibilemve
615 2210 752 2271 dicemus.
790 2211 900 2274 Eadem
919 2212 1002 2274 nobis
1024 2212 1123 2291 placet
1139 2209 1181 2270 di·

183 2293 273 2362 visio;
296 2308 460 2371 quanqum
473 2302 502 2356 el
516 2294 693 2355 Aristoteles
714 2295 749 2356 sb
765 2295 896 2358 lsocmtc
912 2306 995 2376 perte
1012 2298 1041 2356 ia
1052 2313 1108 2356 uus
1124 2293 1181 2354 dis-

183 2378 309 2437 senserit
323 2385 512 2456 prseceptrm
527 2377 677 2439 brevitatis
692 2380 827 2457 irridens,
843 2389 977 2460 tanquam
992 2395 1116 2440 necesse
1132 2379 1180 2451 sit,

184 2460 302 2538 longam
323 2478 390 2521 esse
410 2469 461 2522 eut
478 2461 598 2528 leronem
621 2465 850 2541 expositionem,
875 2483 931 2524 uec
953 2465 1040 2526 liceat
1062 2465 1105 2523 ire
1126 2477 1184 2540 per

182 2544 322 2622 medium,
346 2543 513 2606 Theodorei
534 2562 651 2624 quoque
672 2547 767 2608 solum
786 2549 949 2626 relinquant
967 2548 1093 2608 ultimam
1114 2562 1180 2624 par-

13 2663 14 2708 1
185 2636 259 2704 tem,
283 2630 348 2707 (prtia
369 2647 424 2688 nec
445 2627 574 2688 breviter
589 2631 688 2708 utique
707 2648 763 2691 nec
780 2631 907 2693 dilucide
922 2649 1038 2712 semper
1058 2631 1096 2691 sit
1111 2628 1184 2688 utile

13 2715 15 2764 t
145 2719 346 2789 ddexponere.
395 2710 460 2784 Quo
482 2710 647 2789 diligentius
669 2713 869 2792 distinguenda
893 2725 958 2776 sunt
980 2713 1110 2792 singula,
1139 2720 1180 2788 ut,

184 2795 251 2872 qnid
266 2811 384 2875 quoqne
401 2793 469 2856 loco
484 2798 587 2874 prosit,
605 2798 762 2858 ostendam.
785 2797 919 2860 Narratio
932 2808 977 2859 est
992 2807 1040 2859 ant
1053 2806 1115 2858 tota
1126 2812 1183 2874 pro

183 2875 267 2937 uoltis
284 2886 408 2938 auttota
422 2894 476 2957 pro
492 2879 664 2942 aduersariis
684 2890 731 2941 aul
745 2883 834 2942 mixte
850 2901 887 2943 ex
902 2884 1042 2962 utrisque.
1080 2879 1111 2940 Si
1126 2879 1182 2938 orit

183 2967 261 3020 tols
279 2978 346 3040 pro
370 2960 493 3039 uoltis,
524 2965 649 3024 contenti
671 2966 758 3023 simus
778 2965 823 3024 his
847 2965 937 3026 nilus
958 2965 1105 3045 pertibus,
1126 2975 1183 3040 per

184 3061 255 3122 ques
271 3045 410 3122 edicitur,
428 3064 487 3124 quc
501 3047 615 3106 insilias
631 3047 719 3108 iudex
734 3049 939 3126 intelliget,
958 3047 1179 3119 meminerit,

14 3135 15 3138 ’
139 3129 319 3196 stcredat.
364 3129 427 3191 Nec
443 3132 594 3209 qumamm
607 3129 836 3208 reprehensione
853 3133 969 3211 dignum
983 3141 1081 3212 putet,
1102 3127 1181 3210 quod

180 3216 400 3291 proposuerim,
425 3231 503 3288 eam,
531 3231 608 3291 puae
629 3215 666 3273 sit
687 3222 748 3274 tote
772 3232 826 3293 pro
849 3216 950 3292 nobis,
981 3215 1182 3284 debereesse

143 3343 145 3346 .
180 3297 385 3373 verisimilem,
409 3299 622 3356 summersit.
659 3297 731 3357 Sunt
749 3301 823 3360 euim
838 3300 960 3380 plurima
974 3317 1046 3360 vera
1066 3295 1181 3377 quidem

181 3379 234 3439 sed
252 3397 353 3458 parum
376 3377 541 3456 credibilia,
562 3381 637 3440 sicut
655 3379 730 3443 laisa
753 3399 871 3463 quoque
889 3384 1060 3463 frequenter
1077 3379 1179 3440 verisi-

180 3461 267 3522 milia.
315 3461 413 3535 Quare
437 3476 496 3520 non
517 3464 609 3523 mimas
631 3462 818 3526 laborandum
841 3477 900 3544 est,
927 3476 959 3526 nt
978 3466 1082 3542 iudex,
1106 3477 1181 3543 quoe
