2570 3946
373 249 802 315 man.oasnou.1.113.11‚t.
1042 203 1095 306 6¹7¹

80 411 206 474 claros
237 412 338 471 viros
370 418 400 470 et
427 411 651 487 vituperare
682 409 891 488 improbos,
922 412 999 491 qued
1028 417 1087 474 non

79 495 219 575 simplicis
238 495 370 558 utilitatis
390 510 466 573 opus
484 502 539 554 est.
573 489 705 580 Namque
724 501 758 552 et
769 495 915 572 ingenium
930 507 1087 560 exercetur

78 578 230 659 multiplici
250 579 390 658 uariaque
408 579 545 654 materia,
570 584 600 637 et
618 577 727 638 animos
749 579 995 658 contemplatione
1012 583 1087 643 recti

78 663 219 743 pravique
242 661 402 739 formetur,
427 670 456 721 et
472 659 562 720 multa
580 659 647 721 inde
669 662 799 740 cognitio
817 682 914 724 rerum
931 667 1030 743 venit,
1057 675 1087 726 ct

77 747 239 827 exemplis,
268 743 343 825 quae
365 755 431 806 sunt
459 747 488 805 in
517 746 594 804 omni
622 762 735 823 genere
763 765 916 809 causantur
945 751 1086 828 potentis-

76 833 165 907 sima,
192 831 249 890 iam
271 840 331 892 tum
360 831 525 906 instruitur,
555 839 619 890 eum
641 848 690 891 res
714 840 838 909 poscet,
865 850 979 894 usurus.
1012 833 1128 902 llincsl

77 917 129 976 illa
147 931 266 995 quoqne
281 915 453 976 exercitatio
468 913 546 975 subit
565 917 877 994 comparationis,
900 927 967 977 uter
981 918 1089 979 melior

78 1009 181 1060 uterve
196 998 347 1068 .tleterior;
372 1017 448 1079 quae
471 1015 635 1079 quanquam
656 1008 791 1060 versatur
807 1003 838 1060 in
856 1002 971 1062 ratione
988 1003 1085 1079 simili,

76 1095 175 1145 temen
202 1092 233 1144 et
258 1084 390 1164 duplicet
415 1084 566 1145 materiam
590 1092 620 1143 et
646 1085 784 1144 virtutum
805 1087 1000 1166 vitiorumque
1029 1103 1087 1146 non

77 1177 186 1229 tantum
202 1177 333 1230 naturam
351 1169 405 1229 serl
424 1169 512 1228 etiam
529 1167 645 1229 modurn
659 1175 774 1228 tractet.
802 1167 912 1230 Verum
930 1169 968 1229 de
985 1171 1087 1230 ordine

77 1251 172 1313 laudis
196 1261 374 1332 contraque,
395 1254 530 1330 qnoniam
548 1254 634 1312 tertia
650 1251 726 1312 haec
748 1251 913 1312 rhetorices
937 1270 1006 1331 pars
1029 1263 1085 1330 est,

77 1337 293 1415 praecipiemus
314 1353 367 1397 suo
389 1345 532 1416 tempore.

164 1417 378 1480 Communes
400 1421 477 1481 loci
499 1420 552 1500 (tle
574 1421 619 1481 luis
643 1421 767 1498 loquor,
792 1420 896 1500 quium
920 1421 994 1480 citra
1017 1437 1128 1498 per-qq

76 1519 167 1564 sonas
189 1505 304 1583 inipso
331 1504 400 1564 vitia
422 1504 512 1564 moris
540 1513 586 1565 est
606 1521 766 1583 perorare,
793 1513 824 1564 ut
845 1506 878 1564 in
899 1505 1085 1582 adulterator,

76 1587 263 1665 eleemon,
280 1588 485 1668 petulantem)
505 1605 542 1648 ex
559 1588 661 1648 mediis
678 1597 744 1648 sunt
761 1588 874 1648 iudiciis
893 1598 938 1665 et,
961 1589 987 1648 si
1005 1605 1087 1649 reum

77 1671 216 1749 adiicias,
240 1673 460 1742 accusationes;
485 1689 648 1750 quanquam
666 1670 696 1732 lri
719 1689 837 1751 qnoque
859 1672 896 1733 ab
919 1673 972 1733 illo
995 1690 1086 1750 gene-

77 1754 134 1816 rali
157 1764 282 1816 tractatu
307 1756 343 1816 od
368 1755 507 1837 quasdam
528 1755 634 1818 deduci
657 1759 775 1835 species
797 1757 911 1833 solent,
934 1765 965 1816 ut
983 1758 1011 1815 si
1033 1773 1086 1834 po-
1134 1779 1138 1787 ·

76 1849 163 1899 natur
177 1841 302 1902 adulter
316 1859 441 1917 coecus,
457 1842 577 1903 elector
591 1858 732 1919 pauper,
746 1842 890 1917 petulans
904 1860 1008 1902 eurem.
1029 1838 1086 1900 ltn-

76 1923 150 1983 lrent
171 1932 267 1984 autem
288 1939 492 2004 nonnunquam
514 1925 601 1984 uiam
623 1923 834 1985 defensionem.
869 1922 943 1984 llam
966 1932 996 1983 et
1018 1939 1128 2002 pro23

77 2008 207 2070 lucerio
230 2015 260 2067 et
283 2025 348 2087 pro
370 2025 477 2071 autore
498 2007 636 2084 tremus,
661 2015 690 2068 et
707 2007 776 2070 leno
795 2008 909 2068 interim
928 2009 1086 2086 parasitos

79 2109 137 2171 que
153 2090 319 2154 defenditur
336 2093 398 2169 sie,
415 2101 520 2154 utnon
537 2090 645 2153 homini
662 2092 880 2171 patrocinemur
894 2092 948 2152 sed
965 2092 1084 2155 osiidii

164 2173 306 2237 Theseo
331 2185 444 2253 autem,
475 2195 551 2257 quae
579 2185 728 2238 sumuntur
750 2194 789 2237 ex
810 2193 907 2237 rernm
935 2192 1129 2254 compara-24

77 2261 176 2336 tione,
199 2269 231 2320 ut
248 2262 407 2324 rudieuue
425 2263 491 2324 cito
512 2281 555 2324 uo
575 2262 699 2324 monuo
715 2263 832 2340 potior;
852 2261 1025 2340 iurisperiti
1045 2277 1088 2320 uu

77 2345 223 2405 nutiturie
242 2346 305 2406 oiri
325 2346 396 2408 laus
416 2346 533 2419 maior,
555 2347 628 2406 mire
646 2355 712 2405 sunt
732 2344 768 2405 ad
787 2346 1029 2406 exercitationem
1044 2343 1086 2402 tt

79 2427 166 2488 cendi
192 2428 349 2506 speciosae
371 2437 458 2506 atque
481 2428 606 2505 ultores,
630 2445 706 2508 quae
727 2429 777 2490 vel
800 2429 836 2490 at
859 2427 1001 2491 suadendi
1023 2425 1086 2486 ofn-

81 2513 158 2571 ciuur
180 2509 230 2570 uel
253 2513 339 2572 etiarn
360 2512 397 2572 ad
419 2511 590 2574 iudiciorum
613 2513 857 2591 disceptationem
878 2513 977 2572 iuvant
997 2510 1087 2588 pluri·

78 2613 167 2656 mum.
203 2591 276 2654 Nam
294 2596 443 2674 posterior
461 2613 499 2656 ex
518 2596 678 2675 praedictis
694 2596 778 2656 locus
796 2597 827 2654 in
843 2611 931 2655 cansa
948 2591 1087 2652 Murenae

81 2678 288 2760 copiosissime
306 2697 322 2740 a
341 2676 486 2740 Cicerone
503 2687 652 2741 tractatur.
676 2680 748 2740 Sunt
764 2687 794 2738 et
811 2677 880 2738 illae
897 2695 993 2757 paene
1007 2685 1130 2748 toteep5

81 2763 117 2824 ad
141 2762 363 2824 deliberativum
384 2763 564 2842 pertinentes
584 2781 695 2842 genno,
718 2763 903 2824 ducendane
920 2779 1013 2840 ¹trecor,
1035 2779 1087 2840 pe-

81 2849 207 2909 tendine
224 2850 287 2911 tint
306 2849 517 2928 mcqietrotue.
551 2846 683 2927 Namque
711 2854 741 2906 et
765 2845 820 2907 lrae
842 2848 978 2927 personis
1000 2845 1087 2906 modo

81 2930 203 2992 adiectis
225 2934 378 2995 suasoriae
399 2943 494 2994 eruut.

166 3015 308 3077 Sciebant
325 3025 537 3097 praeceptores
554 3017 612 3076 mei
629 3033 724 3095 neque
743 3016 837 3078 inutili
854 3025 885 3077 et
898 3014 983 3076 notis
1001 3015 1131 3083 etiarnpq

81 3097 207 3160 iucundo
230 3116 341 3176 genere
366 3103 583 3162 exercitationis
606 3118 784 3180 praeparare
806 3117 861 3162 nos
884 3095 1088 3160 coniecturali-

81 3183 137 3242 bns
159 3183 271 3259 causis,
295 3203 360 3244 cnm
380 3203 523 3263 quaerere
544 3194 632 3265 atque
651 3187 758 3264 exequi
775 3185 925 3258 iuberent,
950 3177 1015 3242 Gur
1033 3197 1088 3240 or-

81 3271 169 3328 motu
186 3269 273 3346 opud
284 3263 547 3332 Lacedaemonios
562 3267 680 3346 Venus,
698 3278 728 3330 et
746 3267 830 3343 oute
844 3271 890 3330 ito
907 3264 1090 3328 crederetur

84 3347 206 3430 Cupido
217 3369 298 3430 puer
312 3359 405 3430 atque
420 3355 544 3416 volucer
560 3361 589 3415 et
602 3355 724 3432 topittie
738 3372 778 3414 oc
791 3353 865 3430 foce
879 3355 1036 3425 armatus,
1060 3355 1090 3407 ct

84 3434 205 3512 similia,
223 3437 252 3494 in
269 3433 374 3514 quihus
389 3436 591 3500 scrutabamur
606 3437 802 3509 voluntatem,
826 3435 907 3494 cuins
924 3434 954 3492 in
973 3441 1091 3492 contro-

83 3520 187 3580 versiis
200 3519 339 3598 frequens
355 3523 490 3600 quaestio
502 3531 557 3591 est.
571 3521 648 3598 quod
659 3537 753 3597 genus
766 3517 864 3578 chriae
876 3517 968 3663 vibrlsri
979 3525 1089 3596 potest
