2608 3948
358 249 447 298 ruer.
461 247 692 297 oneremus.
704 249 756 316 ru,
768 248 863 301 uon.
1054 239 1112 304 tet

115 401 246 482 plurium.
266 397 522 482 iinecsiusplex
535 402 650 479 dieitur,
666 401 716 462 iila
733 404 939 466 coniuncta.
964 404 1027 468 Una
1038 423 1110 470 oos-

114 487 256 548 troversia
269 496 320 549 est
333 505 388 568 por
405 505 439 547 se
453 487 535 562 iusti,
554 503 608 565 per
620 500 656 546 se
674 484 816 547 adulterii.
849 487 951 549 Plures
969 497 1017 551 eat
1029 491 1109 559 oiu-

113 569 177 630 dern
198 573 334 648 generis,
351 577 386 632 ut
405 572 435 631 iu
450 571 586 649 pecuniis
607 569 795 648 repetundis,
819 580 868 632 aut
888 572 1015 649 omo,
1038 577 1110 636 utoi

112 653 175 734 quis
194 656 344 733 sacdlegii
361 661 391 714 et
412 653 561 714 iuomiuidii
584 653 668 713 sinui
684 662 849 714 accusatur.
886 655 971 730 Quod
988 675 1064 718 nuuc
1079 658 1109 720 'ur

109 737 236 816 publicis
260 739 375 800 iudiciis
398 754 457 797 nou
481 737 603 812 accidit,
632 739 766 815 quoniam
787 747 907 817 praetor
932 749 1013 802 certa
1039 742 1108 820 iege

110 822 240 898 sortitur,
260 822 421 900 principuus
438 829 534 881 autem
552 828 583 880 et
600 829 718 882 sendus
738 822 951 899 cognitionibus
968 824 1108 905 inquens

110 913 156 964 est
175 913 205 964 et
222 905 324 985 populi
340 905 407 974 iuit;
433 905 546 984 privata
565 919 683 984 puroque
700 904 805 984 iudicia
824 923 916 985 saepo
934 925 1019 968 unum
1036 907 1107 971 iodi-

110 1003 174 1048 cem
192 986 303 1050 habere
323 988 419 1049 eruitis
437 997 474 1049 ct
498 987 621 1050 &versis
643 988 780 1050 formulis
798 991 904 1052 solent.
946 990 1010 1052 Nec
1031 992 1133 1054 elidet

108 1073 228 1150 species
246 1073 476 1149 erunt,‘etiarnsi
490 1089 565 1132 ‘unus
584 1089 600 1132 a
620 1071 732 1132 hobus
750 1073 888 1134 duntaxat
905 1075 1027 1136 candem
1045 1093 1107 1137 rom

107 1162 195 1235 atque
214 1173 252 1217 ex
276 1157 377 1219 eadent
399 1173 488 1218 causa
512 1163 595 1235 petet
617 1165 666 1215 aut
685 1156 743 1216 doc
760 1155 799 1216 ab
822 1174 879 1217 uno
902 1166 952 1218 aut
969 1158 1107 1236 plures-a

105 1238 253 1318 pluribus,
275 1239 354 1321 quod
379 1240 516 1301 accidere
533 1240 564 1299 iu
587 1238 770 1301 hereditariis
795 1239 893 1301 litibus
916 1242 1030 1301 interim
1049 1245 1106 1302 sni·

104 1340 183 1393 mus;
203 1325 269 1404 quic
289 1326 419 1404 maruvio
437 1324 466 1384 in
483 1322 581 1384 multis
598 1323 734 1403 personis
753 1340 840 1386 ceusu
859 1332 955 1385 tanen
973 1342 1030 1386 uua
1048 1335 1104 1404 est,

104 1407 160 1466 uisi
177 1407 203 1467 si
222 1407 355 1468 condicio
374 1423 565 1485 personarum
580 1407 768 1486 quaestiones
785 1409 950 1470 variaverit.

189 1488 342 1552 liberem
361 1489 407 1551 his
423 1491 540 1551 tertium
557 1507 665 1568 genus,
691 1489 769 1570 quod
789 1491 893 1552 dicitur
916 1499 1131 1573 compara-3

103 1573 233 1644 tivumc
254 1574 336 1636 euius
347 1575 397 1636 rei
413 1582 553 1635 tractatus
569 1575 598 1632 ir
615 1582 698 1653 parte
715 1592 822 1636 causae
838 1575 976 1655 frequens
993 1586 1057 1654 est,
1073 1587 1106 1640 ut

104 1672 170 1716 cum
188 1657 264 1736 apud
289 1659 485 1720 centumviros
504 1665 574 1737 post
586 1657 647 1718 aiio
664 1659 812 1737 nudentur
830 1668 860 1720 et
881 1659 954 1736 troc,
979 1668 1045 1721 uter
1062 1661 1104 1723 di·

103 1741 189 1818 gnior
205 1740 367 1804 hereditate
385 1739 444 1802 siti
474 1740 583 1803 ilerum
604 1750 650 1802 ost
666 1751 779 1818 autem,
803 1750 835 1802 ut
855 1744 885 1802 iu
908 1743 974 1806 foro
998 1744 1103 1806 iudicia

103 1831 226 1904 propter
252 1825 281 1888 id
305 1826 401 1887 solum
428 1827 656 1901 constituuntur,
686 1827 762 1885 sicut
790 1825 997 1903 divinationes,
1027 1844 1103 1906 queue

102 1906 174 1969 flunt
191 1908 228 1969 de
245 1917 420 1971 accusatore
437 1908 650 1985 constituendo,
669 1917 699 1968 et
715 1924 916 1986 nonuunquam
931 1911 1007 1970 inter
1020 1911 1115 1976 datu,

101 1998 201 2069 tores,
220 2001 286 2054 uter
299 1992 457 2072 praemium
471 1988 630 2054 meruerit?
661 1990 840 2052 Adiecerunt
854 1992 968 2072 quidum
982 2003 1129 2058 nummos

101 2082 227 2138 mutum
253 2077 486 2154 accusationem,
515 2093 592 2155 quoa
619 2067 848 2156 docancrrpoptc
867 2085 1006 2154 uocatur,
1036 2077 1102 2140 aliie

99 2158 242 2222 videlicet
256 2162 419 2222 succedere
439 2159 648 2240 huncquoque
665 2161 861 2238 comparativo
876 2161 980 2238 generi
997 2162 1101 2223 eridi-

99 2241 258 2321 mantibus,
288 2246 334 2306 cui
361 2243 463 2306 similis
488 2245 544 2305 erit
565 2245 737 2323 petitionum
760 2243 885 2304 inuicem
900 2245 1100 2324 diversorum,

100 2326 179 2432 quod
196 2328 302 2390 accidit
313 2327 364 2389 vei
378 2329 625 2408 frequentissime.
653 2327 686 2390 id
701 2329 726 2388 si
742 2335 771 2387 ct
787 2328 882 2406 ipsum
895 2329 998 2390 vocari
1012 2329 1101 2390 dehet

99 2411 342 2492 corumppopdo:
374 2411 462 2492 (uam
485 2411 605 2490 proprio
628 2420 713 2471 caret
739 2411 876 2490 nomme)
903 2411 963 2472 dno
989 2429 1101 2488 geuene

99 2501 184 2554 eruut
199 2493 280 2569 eius,
304 2493 426 2554 aiterum
442 2511 500 2574 quo
519 2495 684 2571 litigatores
700 2494 777 2556 idem
793 2495 903 2554 crimen
920 2494 1044 2554 invicem
1059 2497 1100 2554 iu·

97 2585 225 2653 tentant,
246 2577 369 2637 alterum
389 2593 447 2657 quo
467 2577 545 2637 aliud
568 2585 656 2656 atque
676 2576 764 2637 uliud.
803 2573 857 2637 Oui
880 2585 910 2636 ot
930 2577 1101 2654 petitionum

98 2659 233 2722 condicio
248 2676 302 2741 par
319 2668 374 2721 est.

183 2741 254 2804 cum
272 2743 441 2824 apparuerit
459 2759 553 2821 genus
568 2757 694 2817 musae,
708 2749 775 2802 turn
797 2741 986 2818 intuebimur,
1009 2756 1125 2822 nego-5

96 2835 180 2889 turne
196 2828 314 2906 iactuna
331 2827 410 2911 quod
426 2825 592 2901 intenditur,
609 2842 645 2886 un
660 2823 843 2902 defendatur,
859 2843 895 2888 an
909 2826 966 2888 aiio
982 2829 1097 2890 nomine

30 2944 33 2951 ·
97 2911 273 2991 appelletur,
290 2931 326 2976 ou
337 2930 354 2975 a
365 2928 477 2992 genere
493 2909 615 2972 actionis
627 2909 803 2988 repedatum
821 2909 897 2972 unde
912 2920 980 2972 suut
990 2919 1095 2974 ιιιιιιο.

131 3061 206 3122 QUID
218 3064 278 3117 slt
297 3064 472 3127 custodio,
491 3060 802 3126 postomodum,
821 3059 1001 3116 comitatis
1019 3063 1061 3114 ET

396 3147 566 3210 QUATENUS
582 3143 796 3200 usosssumc.

180 3243 231 3306 xl.
263 3243 315 3306 iiis
329 3247 471 3324 inventis,
491 3247 658 3308 intuendum
679 3247 820 3326 deinceps
837 3243 1037 3322 Hermagorae
1052 3243 1094 3304 vi-

96 3329 197 3404 detur,
214 3328 283 3408 quid
300 3330 338 3390 sit
354 3331 504 3409 praestio,
518 3332 610 3406 ratio,
627 3331 781 3406 iudicatio,
800 3329 966 3404 continens,
985 3325 1046 3412 rel,
1064 3333 1096 3388 ut

94 3413 145 3473 aiii
158 3421 281 3490 vocant,
298 3413 515 3476 firmamentum.
549 3413 731 3488 Quaestio
747 3413 833 3474 latius
848 3411 1018 3489 intelligitur
1034 3426 1094 3472 om·

93 3497 155 3574 nis,
176 3497 212 3558 de
236 3513 293 3578 qua
314 3499 344 3559 in
368 3505 519 3580 utrumque
542 3505 657 3578 partem
676 3497 727 3559 vel
747 3497 776 3556 in
795 3495 1017 3640 piurepopartes
1037 3492 1095 3556 dici

1270 3557 1301 3664 Δ
