2570 3946
172 191 210 252 to
488 199 851 262 u.sns.cn1rrn1n1urr1

168 357 246 417 rimis
260 356 364 432 rideo,
386 363 417 416 ut
438 355 598 416 litterarum
619 356 733 416 nomina
749 363 779 414 et
799 363 966 416 contextum
986 358 1066 436 prius
1089 373 1180 436 quam

125 442 276 507 bolormas
295 439 409 519 parvuli
428 439 549 499 discant.
577 435 681 499 Obstat
700 437 758 499 hoc
772 431 912 517 'agnitioni
933 457 1031 502 earum
1052 457 1110 500 non
1131 443 1178 501 in·

168 523 352 587 tendentibus
365 539 434 583 mox
449 524 570 582 animum
586 520 622 581 sd
636 523 718 600 ipsos
733 523 852 601 ductus,
871 523 937 584 dum
951 525 1179 585 antecedentem

169 611 334 670 memoriam
357 615 525 685 sequuntur.
567 604 649 679 Quae
673 623 761 669 causa
785 615 831 668 est
854 607 1119 687 praecipientibus,
1142 617 1180 667 ut

170 694 271 768 etiarn,
294 709 359 752 cum
382 692 452 751 satis
474 690 605 750 affixisse
625 707 676 750 eae
698 694 797 770 pueris
816 701 898 752 recto
913 691 964 752 illo
980 708 1038 771 quo
1054 693 1179 772 primum

169 775 259 837 scribi
280 775 378 836 solent
399 783 537 836 contextu
558 773 707 851 videntur,
730 784 900 854 retroagant
920 793 1020 836 rursus
1043 784 1073 836 et
1093 777 1178 836 varia

171 861 382 940 permutatione
403 858 537 934 turbent,
563 858 659 919 donec
685 859 798 920 litteras
819 862 868 939 qui
893 861 1078 920 instituuntur
1097 859 1178 920 iaoie

169 945 266 1003 norint
278 959 336 1002 non
352 942 463 1003 ordine.
491 938 679 1022 Quapropter
692 946 802 1023 optime
816 945 891 1004 sicut
906 941 1050 1004 hominum
1065 944 1179 1022 pariter

127 1036 202 1096 nect
228 1025 342 1087 habitus
372 1036 402 1087 et
428 1026 542 1086 nomina
572 1026 780 1088 edocebuntur.
822 1027 881 1088 Sed
910 1028 987 1106 quod
1013 1029 1042 1087 in
1070 1027 1178 1088 litteris

172 1111 268 1186 obest,
285 1113 314 1171 in
329 1110 449 1186 syllabis
465 1127 523 1170 non
539 1111 667 1171 nocebit.
698 1111 764 1171 Non
780 1111 906 1171 excludo
923 1120 1036 1188 autem,
1052 1111 1081 1172 ld
1097 1109 1178 1189 quod

172 1204 217 1255 est
235 1203 347 1271 notum,
362 1194 517 1256 irritandae
535 1193 571 1256 ad
586 1194 754 1256 discendum
769 1195 907 1255 iniantiae
922 1197 1015 1273 gratia
1030 1195 1177 1254 eburneas

172 1280 257 1338 etiam
275 1279 434 1338 litteramm
454 1279 561 1339 formae
580 1280 609 1338 in
629 1279 722 1339 lusum
740 1279 863 1347 olicrre;
889 1279 939 1338 rel
957 1276 984 1339 'si
999 1279 1067 1357 quid
1085 1275 1177 1352 eliud,

172 1379 229 1441 quo
244 1364 337 1438 magis
351 1362 402 1421 illa
417 1371 497 1422 actas
512 1361 654 1438 gaudeat,
673 1363 796 1422 inveniri
811 1371 926 1440 potest,
943 1362 1021 1441 quod
1036 1367 1176 1434 tmctare,

171 1448 292 1520 intueri,
313 1446 461 1504 nominare
479 1445 632 1506 iucundum
653 1449 700 1506 sit.

129 1541 162 1598 ar
259 1526 331 1588 Gum
346 1546 419 1588 vero
440 1531 495 1588 iarn
514 1529 615 1589 ductus
639 1531 723 1608 sequi
744 1533 896 1610 coeperit,
918 1547 976 1590 non
997 1528 1099 1589 inutile
1121 1529 1178 1587 erit

173 1632 224 1675 eas
241 1611 369 1672 tabellae
384 1630 467 1692 quam
483 1614 591 1690 optime
606 1613 747 1692 insculpi,
772 1623 803 1674 ut
818 1632 872 1693 per
887 1613 954 1673 illos
974 1613 1055 1673 velut
1076 1610 1177 1671 sulcos
1270 1655 1271 1664 ,

173 1698 294 1759 ducatur
308 1696 402 1756 stilus.
432 1695 615 1774 Numaeque
633 1697 756 1772 errabit,
779 1696 1016 1776 quemadmodum
1037 1697 1066 1754 in
1087 1695 1177 1768 ceris,

175 1779 385 1860 (continebitur
407 1781 482 1839 enim
505 1782 638 1858 utrinque
663 1780 839 1858 marginibus
862 1798 957 1858 neque
982 1787 1064 1840 extra
1090 1793 1176 1857 prae·
1270 1843 1271 1846 Ἴ

174 1867 312 1944 scriptum
335 1863 438 1941 egredi
461 1865 588 1943 poterit)
612 1873 642 1924 et
669 1863 796 1924 celerius
822 1881 857 1925 ac
882 1866 1000 1943 saepius
1023 1859 1176 1941 sequendo

175 1957 255 2010 certa
268 1949 394 2026 vestigia
416 1946 538 2008 firmabit
553 1948 708 2024 articulos,
727 1965 823 2026 neque
839 1947 939 2026 egebit
954 1947 1097 2007 adiutorio
1117 1961 1176 2005 mu·

132 2044 241 2102 aeuum
257 2048 337 2091 suam
351 2049 435 2091 manu
450 2032 674 2109 superimposita
691 2033 831 2109 regentis.
862 2030 928 2092 lion
945 2040 990 2090 est
1004 2030 1100 2090 aliena
1114 2043 1175 2104 res,
1222 2107 1226 2112 ἡ

176 2133 251 2194 quae
269 2115 334 2175 iere
354 2114 390 2174 ab
408 2114 539 2174 honestis
555 2115 667 2191 negligi
687 2115 781 2192 solet,
805 2132 873 2176 cura
888 2115 964 2175 bene
984 2131 1020 2174 ac
1032 2113 1178 2174 velociter
1270 2113 1271 2124 ¹

175 2197 332 2260 scribendi.
364 2196 436 2258 Nam
451 2213 516 2257 cum
530 2198 568 2258 sit
582 2199 611 2257 iu
626 2197 728 2261 studiis
744 2201 947 2279 praecipuum,
972 2213 1090 2278 quoque
1111 2195 1175 2256 solo

174 2299 263 2342 verus
284 2281 336 2342 ille
357 2280 508 2359 proiectus
530 2290 560 2341 et
581 2281 647 2342 altis
670 2282 815 2342 radicibus
836 2285 920 2343 nixus
943 2290 1077 2362 paretur,
1105 2281 1201 2340 scri·.

175 2366 265 2426 bere:
292 2367 385 2444 ipsam
410 2364 520 2425 tardior
541 2366 624 2426 stilus
648 2368 855 2444 cogitationem
877 2375 1022 2440 moratur,
1047 2365 1126 2425 rudis
1148 2373 1177 2423 ot

177 2449 317 2511 contusus
331 2447 482 2509 intellectu
498 2458 594 2518 caret;
616 2449 692 2510 unde
707 2453 838 2528 sequitur
851 2451 926 2510 alter
940 2448 1083 2525 dictandi,
1103 2463 1177 2528 purae

134 2533 377 2601 29transiereuda
398 2541 480 2608 sunt,
503 2532 595 2593 labor.
627 2531 724 2606 Quare
741 2551 804 2594 cum
819 2552 935 2614 semper
951 2543 981 2595 et
995 2532 1103 2612 ubique
1119 2539 1177 2591 tum

177 2619 335 2697 praecipue
354 2619 384 2677 in
406 2616 539 2696 epistolis
561 2619 684 2677 secretis
703 2627 733 2678 et
753 2617 940 2679 familiaribus
961 2616 1120 2678 delectabit
1140 2631 1176 2675 ne

177 2702 235 2761 hoc
256 2702 371 2778 quidem
390 2699 556 2778 neglectum
576 2701 741 2780 reliquisse.

137 2797 173 2851 30
264 2782 391 2859 Syllabis
412 2784 521 2844 nullum
542 2785 741 2864 compendium
763 2795 824 2854 eet;
846 2784 1058 2863 perdiscendae
1079 2801 1176 2844 omnes

178 2886 250 2942 nec,
266 2876 298 2926 ut
312 2867 343 2926 lit
357 2867 545 2945 plerumque,
564 2868 731 2929 difficillima
746 2885 880 2948 quaeque
895 2885 994 2928 earum
1008 2867 1174 2942 differenda,

39 2991 40 2994 κ
137 2964 169 3020 31
180 2959 212 3011 ut
232 2953 262 3010 in
283 2949 443 3011 nominibus
463 2950 624 3012 scribendis
644 2952 907 3032 deprehendantur.
943 2951 1020 3026 Quin
1039 2954 1124 3011 immo
1140 2967 1176 3010 ne

180 3036 290 3115 primae
316 3035 431 3113 quidem
457 3037 613 3096 memoriae
638 3045 748 3097 temere
776 3034 963 3104 credendum:
987 3044 1125 3113 repetere
1150 3043 1178 3092 et

180 3119 228 3180 diu
248 3118 395 3179 inculcare
414 3118 503 3178 inerit
521 3119 634 3196 utilius,
654 3130 684 3180 et
703 3122 732 3180 in
751 3119 880 3180 lectione
901 3137 1018 3198 quoque
1033 3134 1091 3179 non
1113 3133 1176 3218 ppo·

180 3219 287 3280 perere
308 3202 344 3263 ad
359 3202 579 3263 continuandam
593 3221 656 3264 eam
670 3204 720 3264 rel
736 3202 974 3280 accelerandum,
991 3204 1047 3263 nisi
1062 3219 1126 3264 cum
1138 3219 1176 3260 rn-

182 3285 294 3348 offensa
314 3295 401 3364 atque
421 3285 577 3346 indubitata
597 3287 756 3348 litterarum
776 3289 851 3346 inter
872 3306 905 3348 sa
926 3289 1091 3348 coniunctio
1115 3303 1176 3364 sup-

180 3367 314 3449 peditare
329 3373 393 3430 sine
408 3370 467 3431 ulla
485 3371 631 3446 cogitandi
646 3370 750 3432 saltem
765 3388 844 3431 mora
866 3373 984 3450 poterit.
1015 3369 1097 3430 'l'unc
1110 3370 1177 3448 ipsis

181 3451 303 3528 syllabis
322 3453 413 3514 verba
435 3452 591 3531 complecti
611 3461 641 3512 et
659 3453 703 3512 luis
730 3470 893 3514 sermonem
916 3460 1093 3514 connectere
1113 3452 1177 3512 inci·
