2592 3940
207 192 272 255 272
540 203 900 264 u.une.ounmunanr

205 375 318 440 apae,
341 359 430 435 dixit,
451 358 676 458 asduaatupare.
712 357 866 459 Eatueuinn
884 358 992 420 dietum
1006 359 1214 458 par-'se'urlsa-

165 451 468 593 ,illiditur
482 440 1213 603 tttltlltlltlltltlllllttd:ulida

206 629 263 692 que
284 609 384 671 verbis
404 609 537 670 similiter
558 610 676 686 saepius
699 608 818 686 frigida,
838 608 994 686 aliquando
1015 617 1111 670 tamen
1134 613 1212 671 reei-

205 694 321 773 pienda.
354 692 523 770 Eademque
538 691 672 752 soudioio
690 701 736 752 est
750 694 779 752 iu
796 693 851 767 iis,
871 707 949 770 quae
967 709 984 753 a
1001 693 1212 754 nominibus

204 777 363 839 trahuntur.
399 775 489 837 llulta
507 793 545 835 ex
559 775 617 835 hou
634 773 741 835 Cicero
756 776 785 836 in
799 773 937 852 Verrem,
962 776 1016 837 sed
1036 783 1068 834 ut
1087 775 1123 836 ab
1144 775 1212 836 aliis

205 861 291 937 diota,
307 861 392 922 modu
405 861 560 938 sunam,
579 865 613 921 et
632 861 733 920 omniu
748 865 905 931 emeretr
928 859 1007 938 {uum
1020 859 1169 922 ὥοοιοιιιι
1184 861 1214 920 ei

203 943 332 1024 Verres]
354 943 440 1004 modo
454 941 592 1021 Herculi,
609 959 694 1020 quem
711 942 903 1020 expilaverat,
919 944 1119 1007 molestiorem
1129 962 1212 1022 apro

204 1027 411 1107 Erymanthio
421 1028 539 1107 filiam
558 1026 645 1087 modu
656 1028 770 1089 mulam
785 1025 998 1106 Sacerdotem,
1014 1029 1067 1106 poi
1079 1037 1144 1090 tum
1157 1048 1211 1090 tae-

205 1126 297 1190 quom
311 1129 432 1174 verrem
442 1113 635 1192 reliquissem
648 1112 714 1189 quia
725 1110 879 1173 Sacerdoti
887 1110 999 1172 voram
1010 1120 1210 1172 sueoesserat.

162 1203 196 1257 56
205 1193 329 1257 Praebet
348 1204 443 1257 tamen
465 1194 620 1274 aliquando
640 1195 825 1255 ueoasiouem
848 1194 989 1273 quaedam
1009 1192 1136 1256 lelioitas
1152 1193 1211 1256 lroo

204 1268 1210 1442 allottlltltnllll‘t2lnl20523l0ll‘ll'xsl'f'

267 1405 274 1420 ·
644 1407 652 1437 ι
946 1405 956 1438 ι
1065 1405 1074 1438 ι
1197 1392 1209 1406 “

202 1465 263 1506 oua
278 1445 435 1528 confidens
450 1461 542 1523 quum
557 1453 602 1507 sal
614 1447 666 1509 ttte
683 1443 883 1508 Terentianus
898 1443 1045 1509 Pltomtt'o.

161 1535 196 1591 tt
288 1527 413 1590 doniors
439 1530 527 1607 igitur
549 1538 615 1590 sunt
638 1537 669 1590 et
690 1528 888 1606 elegantiora,
914 1547 990 1607 quae
1005 1527 1155 1590 mabuntur
1171 1545 1210 1588 ex

203 1614 232 1671 vi
247 1629 353 1672 rerum.
389 1611 421 1672 lu
441 1612 485 1673 luis
505 1615 627 1674 maxime
655 1612 733 1672 valet
755 1612 984 1689 similitudo,
1007 1614 1032 1672 si
1055 1621 1151 1672 tamen
1172 1611 1209 1672 ad

178 1753 181 1759 ,
203 1694 312 1774 aliquid
326 1696 447 1758 inlerius
462 1695 615 1774 leviusque
629 1695 786 1765 toleratum
806 1714 881 1775 quae
896 1697 952 1756 iam
966 1704 1085 1756 veteres
1104 1694 1147 1754 illi
1165 1697 1208 1754 io·

204 1778 360 1855 uehuntur,
383 1781 432 1859 qui
454 1779 604 1842 Lentulum
621 1778 813 1858 Spintherem
833 1788 863 1841 et
877 1781 1043 1858 Scipionem
1057 1777 1208 1858 Sarapio-

201 1882 271 1924 nam
292 1879 360 1924 esse
379 1863 523 1924 dixerunt.
561 1863 620 1924 Sed
638 1881 672 1924 ea
687 1880 745 1924 non
763 1863 800 1926 ab
818 1863 978 1925 homiuibus
997 1863 1083 1924 modo
1098 1863 1207 1942 petitur

202 1964 302 2007 verum
324 1948 411 2020 etiam
428 1947 464 2008 ab
490 1947 676 2024 animalibus,
699 1957 730 2007 ut
751 1945 835 2009 uubis
854 1949 954 2026 pueris
975 1947 1072 2008 lunius
1086 1945 1207 2024 Bassus,
1262 1959 1263 1963 ’

161 2031 288 2094 dedomo
304 2031 432 2109 inprimis
448 2032 543 2108 diuax,
558 2028 673 2094 Asinus
683 2031 775 2093 oldus
788 2031 956 2092 vooalmtur.
989 2030 1027 2092 Et
1040 2032 1207 2092 Sarmentus

203 2132 256 2172 seu
275 2112 306 2172 P.
329 2112 450 2174 Blessus
472 2114 589 2189 lulium,
616 2115 759 2176 homiuem
780 2117 892 2192 nigrum
908 2124 938 2176 et
948 2132 1074 2176 maurum
1090 2122 1120 2174 et
1136 2131 1207 2192 pan·
1259 2155 1260 2199 ι

204 2195 279 2272 dum,
293 2194 419 2273 fibulam
433 2197 570 2276 farreum
586 2198 666 2259 dixit.
697 2196 782 2270 Quod
799 2217 874 2260 nuue
888 2201 963 2259 risus
978 2197 1096 2278 petendi
1112 2215 1207 2274 genua
1258 2219 1259 2280 ι

161 2279 466 2359 59lrequentissimum
494 2289 547 2342 est.
595 2280 759 2342 Adhibetur
786 2292 881 2343 autem
908 2282 1063 2344 similitudo
1092 2282 1208 2342 interim

204 2363 315 2442 palam,
336 2366 449 2424 iuterim
470 2366 558 2425 inseri
579 2364 658 2426 solet
677 2366 851 2444 parabolam
872 2368 954 2426 ouius
973 2375 1019 2426 est
1038 2366 1157 2443 generis
1177 2364 1208 2425 id

203 2446 343 2524 Augusti,
366 2450 414 2527 qui
428 2449 509 2509 militi
526 2448 655 2510 libellum
675 2450 773 2511 timide
793 2451 970 2528 porrigenti,
993 2447 1081 2526 Noli,
1102 2449 1206 2528 iuquit,

161 2533 318 2610 oodmers,
339 2535 430 2609 quusi
443 2551 544 2596 oasam
560 2534 720 2613 elephanto
736 2535 801 2596 des.
841 2535 913 2595 Sunt
934 2532 1074 2612 quaedam
1088 2534 1152 2593 veri
1167 2534 1207 2592 si-

203 2614 294 2684 milia;
317 2615 393 2676 unde
412 2615 544 2677 Vatinius
566 2615 637 2677 dixit
659 2616 716 2678 lrue
737 2616 859 2694 dietum,
880 2635 943 2678 oum
957 2635 1038 2693 reus,
1055 2624 1162 2695 agente
1176 2617 1207 2676 in

205 2717 270 2758 aum
288 2696 395 2776 Calvo,
420 2701 544 2761 frontem
566 2699 688 2762 aaudido
703 2701 819 2762 sudario
839 2710 987 2779 tergeret,
1010 2700 1097 2780 idque
1111 2701 1207 2779 ipsum

204 2793 358 2844 aecusator
371 2785 400 2844 iu
415 2785 548 2846 invidiam
565 2794 696 2860 voearet,
714 2782 861 2858 Quamuis
874 2803 948 2848 rous
961 2804 1044 2862 sam,
1060 2785 1161 2862 iuquit,
1176 2791 1207 2846 et
1250 2771 1252 2862 l

162 2878 195 2933 61
201 2883 313 2945 paneam
339 2867 508 2931 condidam
528 2869 595 2931 edo.
641 2868 746 2930 Adhuc
771 2879 817 2931 est
836 2869 971 2931 subtilior
989 2869 1040 2930 illa
1061 2885 1098 2928 ex
1119 2867 1205 2927 simili
1250 2865 1251 2909 l

204 2950 372 3022 translatio,
395 2968 473 3028 cum,
495 2951 573 3030 quod
589 2953 618 3012 iu
633 2952 735 3014 aliare
753 2953 816 3016 deri
832 2955 927 3031 solet,
950 2954 979 3014 in
997 2953 1081 3014 aliam
1094 2960 1203 3011 mutara-
1249 2939 1250 2989 l

203 3051 276 3092 mur.
306 3033 349 3094 lla
363 3033 475 3095 dicatur
489 3053 561 3096 saue
581 3035 607 3095 ii
617 3037 706 3098 otio:
722 3045 753 3098 ut
769 3034 967 3117 chrysippus,
986 3055 1052 3098 eum
1066 3038 1095 3096 iu
1108 3037 1202 3097 trium·

204 3116 264 3195 pluo
284 3114 418 3178 Caesaris
440 3119 549 3181 eborea
570 3120 677 3198 oppida
700 3131 799 3182 esseut
819 3121 974 3197 translata,
996 3126 1119 3200 etpost
1140 3119 1199 3178 dies
1247 3095 1248 3145 l

204 3216 315 3279 paueos
337 3199 418 3262 Fabii
434 3201 549 3264 llaximi
569 3203 683 3280 lignea,
705 3204 812 3268 thecas
834 3225 903 3270 esee
922 3205 1105 3286 oppidanum
1125 3199 1197 3262 Cae·
1246 3211 1247 3225 ³

204 3285 288 3345 sarta
302 3284 382 3344 dixit.
411 3284 448 3346 lit
464 3287 543 3348 Pedo
559 3286 595 3349 de
610 3287 797 3365 mirmilloue,
815 3291 864 3369 qui
878 3289 1025 3351 retiarium
1041 3303 1200 3364 conseque-
1243 3319 1245 3383 4

163 3365 288 3426 annau„
307 3385 362 3428 neo
387 3369 526 3449 leniebat,
551 3369 672 3448 Vivum,
699 3372 804 3450 iuquit,
827 3391 943 3452 σαρκο
962 3373 1036 3435 osolt.
1075 3372 1203 3448 Iungitur
1242 3389 1244 3462 ι

293 3450 399 3512 thaliae
412 3453 577 3532 similitudo,
599 3462 630 3514 ut
645 3472 662 3515 a
678 3453 709 3516 la.
726 3453 832 3534 Galba,
852 3458 901 3537 qui
916 3456 1004 3537 pilam
1019 3455 1204 3533 negligenter
